2001 3296
884 198 1182 245 ...77-

386 331 556 378 εὕαίων
586 332 636 377 ἐν
668 335 812 380 πᾶσιν
843 331 1056 392 ἆρίζαλος
1087 336 1320 389 Βερενίκα,

381 398 444 457 ,ἇς
463 403 583 464 ,ἄτερ
614 402 704 449 οὔτ’
738 403 878 449 αὕταῖ
907 406 986 453 τάῖ
1016 404 1213 462 Χάριτες
1243 404 1450 462 Χάριτες.

243 490 489 536 Berenicen
534 492 739 545 quartam
777 490 982 537 Gratiam
1027 488 1247 544 nominat;
1293 502 1381 544 qua
1424 501 1474 533 re
1514 500 1614 533 eam
1653 499 1825 543 quoque

240 560 444 608 laetitiae
474 560 758 608 efficatricem
789 574 890 607 esse
920 560 1030 606 dicit
1053 559 1269 615 simulque
1288 562 1535 614 venustam,
1565 562 1618 604 ut
1636 558 1824 604 Gratiae

190 671 193 673 .
243 634 355 679 deae
384 634 636 680 venustatis
666 634 793 691 ipsae
821 635 1040 681 venustae
1071 635 1189 679 sunt.

242 715 379 774 epigr.
400 714 458 762 32
472 714 536 774 1);-
564 715 645 761 οἶδ’
670 713 739 761 ὅτι
759 734 834 775 μοι
856 716 1052 761 πλούτου
1073 720 1224 760 κενεαὶ
1245 721 1380 774 χέρες,
1414 713 1551 766 ἄλλά,
1583 718 1821 765 Μένιππε,

384 788 446 846 μή
478 788 592 844 λέγε,
624 789 739 848 πρὸς
768 794 996 848 Χαρῠτων,
1027 786 1199 845 τούμὸν
1232 785 1404 846 ὄνειρον
1434 786 1537 843 ἐμοί
1545 800 1555 809 ·

388 856 536 916 οἷλγέω
567 860 649 921 τήν
681 860 760 907 dui
794 859 970 914 παντός
982 858 1021 920 ²)
1054 857 1161 913 ἔπος
1190 859 1299 904 τάδε
1330 858 1494 918 πικρὸν
1525 857 1725 904 ἀκούων

387 940 480 984 ναί,
511 934 625 989 φίλε,
655 936 746 978 τῶν
777 933 906 992 παροὶ
941 935 1023 977 σοῦ’
1051 935 1170 976 τοῦτ’
1204 931 1581 990 ἆνεραστότατυν.

244 1016 370 1074 Quae
399 1015 669 1074 interpretor
697 1016 888 1063 Vahleni
918 1016 973 1062 et'
994 1015 1167 1062 Reisln’i
1196 1015 1590 1073 interpretationes
1622 1016 1823 1066 secutus:

245 1088 374 1143 „Scio
414 1101 571 1133 manus
612 1102 734 1134 meas
774 1102 943 1135 vacuas
980 1102 1081 1134 esse
1122 1088 1313 1142 divitiis,
1354 1090 1426 1143 at,
1468 1086 1693 1143 Menippo,
1733 1087 1824 1132 noli

242 1157 360 1214 mibi,
390 1172 471 1215 per
498 1158 681 1205 Gratias
711 1162 759 1205 te
789 1172 879 1215 oro,
909 1172 1093 1205 narrare
1124 1158 1338 1204 somnium
1369 1170 1512 1203 meum
1542 1157 1604 1216 (h.
1635 1170 1672 1203 e.
1706 1157 1824 1214 „noli

244 1230 350 1294 mihi
380 1243 563 1276 narrare
594 1231 710 1287 quod
739 1243 865 1276 nemo
896 1244 966 1277 me
996 1231 1152 1277 melius
1182 1230 1309 1277 novit
1349 1232 1484 1286 atque
1524 1243 1608 1287 ego
1649 1242 1825 1286 semper

242 1302 388 1360 cogito
402 1318 404 1320 >
419 1305 467 1348 et
496 1301 642 1361 curo);
672 1303 749 1349 illo
780 1316 876 1349 meo
903 1304 1170 1360 sempiterno
1186 1303 1335 1348 dolore
1355 1315 1540 1360 pungor,
1570 1314 1670 1347 cum
1690 1301 1822 1347 audio

241 1387 438 1419 amaram
459 1375 575 1420 hanc
606 1377 652 1420 et
673 1376 879 1420 acerbam
909 1375 1016 1420 mihi
1036 1375 1302 1430 orationem
1332 1388 1456 1429 sane,
1487 1374 1639 1429 amice,
1670 1387 1820 1419 eorum

242 1458 357 1501 quae
400 1447 482 1492 abs
522 1449 568 1491 te
608 1446 796 1492 veniunt
833 1438 918 1492 hoc
958 1449 1029 1492 est
1057 1446 1463 1491 iniucundissimum
1499 1448 1548 1491 et
1584 1447 1641 1491 ab
1673 1458 1821 1491 amore

240 1517 495 1576 longissime
514 1517 766 1564 remotum.“
792 1543 849 1551 —-
870 1518 1014 1564 Poeta
1032 1519 1224 1564 amatum
1246 1530 1326 1575 per
1341 1517 1525 1563 Gratias
1546 1513 1822 1573 obtestatum

241 1603 342 1635 nam
364 1589 550 1636 Gratiae
571 1590 892 1636 amabilitatem
918 1590 1250 1637 consuetudinis
1281 1592 1451 1646 curant,
1481 1590 1693 1647 imprimis
1724 1590 1821 1636 eius

240 1662 570 1707 consuetudinis
612 1675 726 1718 quae
767 1664 839 1708 est
877 1662 997 1707 inter
1035 1665 1229 1708 amatum
1264 1666 1311 1706 et
1343 1664 1606 1717 amatorem3
1647 1664 1823 1707 amatus

242 1736 388 1780 autem
421 1734 460 1780 si
491 1748 588 1780 cnm
617 1736 751 1791 poeta
778 1735 844 1783 ‚de
874 1736 1140 1791 paupertate
1181 1734 1276 1780 eius
1318 1734 1512 1791 loquitur
1551 1732 1822 1781 inamabilis-

240 1805 397 1851 simum
427 1818 477 1851 se
507 1807 712 1862 praeben
842 1803 850 1814 ⁶

360 1983 485 2042 Apud
535 1985 817 2031 Theocritum
857 1985 1124 2032 adjectivum
1163 1993 1332 2045 χαρίεις
1374 1985 1712 2032 usitatissimum
1751 1991 1824 2031 est

239 2057 288 2101 in
319 2057 467 2113 puella
498 2060 649 2102 amata
678 2058 958 2115 appellanda.

358 2141 414 2186 In
444 2140 637 2186 carmine
676 2142 792 2197 quod
830 2141 1087 2187 inscribitur
1118 2139 1341 2200 Ἠλακάτη
1385 2141 1537 2199 (carm.
1567 2141 1646 2199 28)
1688 2145 1823 2199 poeta

239 2212 409 2258 Niciam
450 2212 638 2258 amicum
678 2225 804 2258 suum
845 2211 1064 2270 appellat:
1115 2216 1329 2272 Χαρίτων
1371 2213 1657 2272 ἱμεροφῶνων
1698 2213 1822 2272 ἱερόν

239 2283 393 2341 φυτόν.
427 2309 487 2317 -
517 2284 703 2331 Gratiae
733 2284 905 2330 Niciam
942 2288 1303 2342 procreaverunt‚
1343 2286 1371 2332 i.
1404 2300 1441 2332 e.
1477 2299 1628 2333 omnes
1660 2286 1702 2331 ei
1742 2300 1822 2332 eas

240 2355 458 2401 dederunt
487 2356 678 2403 virtutes
709 2356 867 2412 quibus
909 2357 1143 2403 Theocrito
1172 2354 1323 2414 placet
1352 2357 1656 2414 laetitiamque
1691 2361 1822 2415 parat

240 2426 522 2486 (καθίζεται)
558 2446 561 2449 ·

360 2593 397 2641 1)
421 2593 640 2632 Lectionem
665 2593 793 2643 recepi
818 2593 998 2631 traditam
1023 2597 1180 2632 auctore
1192 2594 1380 2641 Vahleno,
1405 2596 1469 2643 qui
1495 2596 1543 2633 de
1560 2596 1634 2633 hoc
1653 2596 1819 2633 carmine

239 2653 380 2700 optime
406 2653 585 2690 ditseruit
610 2654 693 2690 Ind.
719 2655 807 2690 lect.
831 2653 960 2692 Berol.
987 2654 1157 2702 1889s90.

357 2725 394 2771 2)
418 2723 482 2782 τήν
506 2724 569 2762 διὰ
587 2725 728 2769 παντός,
753 2736 806 2763 sc.
823 2725 976 2775 ἄλγησιν
1000 2726 1050 2772 (V
1051 2726 1184 2765 ablen:
1210 2728 1297 2771 „illo
1323 2739 1408 2765 meo
1433 2728 1664 2778 sempiterno
1683 2728 1820 2766 dolore

236 2785 441 2833 pungam.
