<?xml version="1.0" encoding="UTF-8"?>
<!DOCTYPE html PUBLIC "-//W3C//DTD XHTML 1.0 Transitional//EN"
    "http://www.w3.org/TR/xhtml1/DTD/xhtml1-transitional.dtd">
<html xmlns="http://www.w3.org/1999/xhtml" xml:lang="en" lang="en">
 <head>
  <title>
</title>
<meta http-equiv="Content-Type" content="text/html;charset=utf-8" />
  <meta name='ocr-system' content='tesseract 3.04.00' />
  <meta name='ocr-capabilities' content='ocr_page ocr_carea ocr_par ocr_line ocrx_word'/>
</head>
<body>
  <div class='ocr_page' id='page_1' title='image "./4630583_0067.png"; bbox 0 0 2001 3296; ppageno 0'>
   <div class='ocr_carea' id='block_1_1' title="bbox 133 379 1799 2891">
    <p class='ocr_par' dir='ltr' id='par_1_1' title="bbox 133 379 1798 518">
     <span class='ocr_line' id='line_1_1' title="bbox 133 379 1798 445; baseline -0.003 -12"><span class='ocrx_word' id='word_1_1' title='bbox 133 393 140 399; x_wconf 85' lang='lat'>&#39;</span> <span class='ocrx_word' id='word_1_2' title='bbox 226 388 302 434; x_wconf 84' lang='lat' dir='ltr'><strong>ubi</strong></span> <span class='ocrx_word' id='word_1_3' title='bbox 331 388 467 433; x_wconf 77' lang='lat' dir='ltr'><strong>schol.</strong></span> <span class='ocrx_word' id='word_1_4' title='bbox 488 386 567 444; x_wconf 85' lang='grc'><strong>(39</strong></span> <span class='ocrx_word' id='word_1_5' title='bbox 579 386 649 443; x_wconf 78' lang='lat' dir='ltr'><strong>a):</strong></span> <span class='ocrx_word' id='word_1_6' title='bbox 679 392 890 445; x_wconf 80' lang='grc' dir='ltr'><strong><em>Χαρίτων</em></strong></span> <span class='ocrx_word' id='word_1_7' title='bbox 921 390 1091 430; x_wconf 75' lang='grc' dir='ltr'><strong><em>κᾶπον·</em></strong></span> <span class='ocrx_word' id='word_1_8' title='bbox 1124 387 1205 444; x_wconf 83' lang='grc' dir='ltr'><strong>τήν</strong></span> <span class='ocrx_word' id='word_1_9' title='bbox 1237 387 1470 444; x_wconf 77' lang='grc' dir='ltr'><strong><em>ποιητικήν</em></strong></span> <span class='ocrx_word' id='word_1_10' title='bbox 1501 387 1632 440; x_wconf 74' lang='grc' dir='ltr'><strong><em>λέγει,</em></strong></span> <span class='ocrx_word' id='word_1_11' title='bbox 1665 387 1725 430; x_wconf 81' lang='grc' dir='ltr'><strong>δι’</strong></span> <span class='ocrx_word' id='word_1_12' title='bbox 1746 379 1798 443; x_wconf 79' lang='grc' dir='ltr'><strong>ἧς</strong></span> 
     </span>
     <span class='ocr_line' id='line_1_2' title="bbox 226 458 1218 518; baseline -0.002 -13"><span class='ocrx_word' id='word_1_13' title='bbox 226 460 317 506; x_wconf 73' lang='grc' dir='ltr'><strong><em>ἔστι</em></strong></span> <span class='ocrx_word' id='word_1_14' title='bbox 348 460 619 518; x_wconf 73' lang='grc' dir='ltr'><strong><em>χαρίζεσθαι</em></strong></span> <span class='ocrx_word' id='word_1_15' title='bbox 650 458 730 518; x_wconf 76' lang='lat' dir='ltr'><strong>(z</strong></span> <span class='ocrx_word' id='word_1_16' title='bbox 758 459 976 505; x_wconf 73' lang='lat' dir='ltr'><strong>laetitiam</strong></span> <span class='ocrx_word' id='word_1_17' title='bbox 1007 458 1218 516; x_wconf 85' lang='lat' dir='ltr'><strong>efficere).</strong></span> 
     </span>
    </p>

    <p class='ocr_par' dir='ltr' id='par_1_2' title="bbox 343 528 1513 588">
     <span class='ocr_line' id='line_1_3' title="bbox 343 528 1513 588; baseline -0.001 -13"><span class='ocrx_word' id='word_1_18' title='bbox 343 531 507 587; x_wconf 86' lang='lat' dir='ltr'><strong>Hymni</strong></span> <span class='ocrx_word' id='word_1_19' title='bbox 536 528 748 588; x_wconf 79' lang='grc' dir='ltr'><strong><em>Χαρίτων</em></strong></span> <span class='ocrx_word' id='word_1_20' title='bbox 779 533 988 588; x_wconf 78' lang='grc' dir='ltr'><strong>καλλίστη</strong></span> <span class='ocrx_word' id='word_1_21' title='bbox 1023 532 1179 588; x_wconf 74' lang='grc' dir='ltr'><strong><em>δρόσος</em></strong></span> <span class='ocrx_word' id='word_1_22' title='bbox 1211 532 1513 575; x_wconf 78' lang='lat' dir='ltr'><strong>nominantur:</strong></span> 
     </span>
    </p>

    <p class='ocr_par' dir='ltr' id='par_1_3' title="bbox 223 599 1798 879">
     <span class='ocr_line' id='line_1_4' title="bbox 223 599 1798 662; baseline -0.002 -15"><span class='ocrx_word' id='word_1_23' title='bbox 223 603 258 647; x_wconf 92' lang='grc' dir='ltr'><strong>Ι.</strong></span> <span class='ocrx_word' id='word_1_24' title='bbox 290 601 330 657; x_wconf 86' lang='grc'><strong>6,</strong></span> <span class='ocrx_word' id='word_1_25' title='bbox 362 601 442 647; x_wconf 83' lang='grc'><strong>63;</strong></span> <span class='ocrx_word' id='word_1_26' title='bbox 489 600 582 646; x_wconf 69' lang='lat' dir='ltr'><strong>dvo?</strong></span> <span class='ocrx_word' id='word_1_27' title='bbox 632 601 673 645; x_wconf 80' lang='grc' dir='ltr'><strong>δ’</strong></span> <span class='ocrx_word' id='word_1_28' title='bbox 716 599 886 658; x_wconf 76' lang='grc' dir='ltr'><strong><em>ἄγαγον</em></strong></span> <span class='ocrx_word' id='word_1_29' title='bbox 932 602 1015 662; x_wconf 88' lang='lat' dir='ltr'><strong>(sc.</strong></span> <span class='ocrx_word' id='word_1_30' title='bbox 1054 601 1245 648; x_wconf 33' lang='lat' dir='ltr'><strong>*victoris</strong></span> <span class='ocrx_word' id='word_1_31' title='bbox 1291 601 1543 659; x_wconf 87' lang='lat' dir='ltr'><strong>propinqui)</strong></span> <span class='ocrx_word' id='word_1_32' title='bbox 1589 601 1634 653; x_wconf 71' lang='grc' dir='ltr'><strong>ἐς</strong></span> <span class='ocrx_word' id='word_1_33' title='bbox 1683 602 1798 658; x_wconf 74' lang='grc' dir='ltr'><strong>φάος</strong></span> 
     </span>
     <span class='ocr_line' id='line_1_5' title="bbox 1318 672 1798 733; baseline 0 -16"><span class='ocrx_word' id='word_1_34' title='bbox 1318 676 1419 717; x_wconf 83' lang='grc' dir='ltr'><strong><em>οἵαν</em></strong></span> <span class='ocrx_word' id='word_1_35' title='bbox 1449 684 1611 733; x_wconf 86' lang='grc' dir='ltr'><strong><em>μοῖραν</em></strong></span> <span class='ocrx_word' id='word_1_36' title='bbox 1643 672 1798 729; x_wconf 70' lang='grc' dir='ltr'><strong><em>ὕμνων</em></strong></span> 
     </span>
     <span class='ocr_line' id='line_1_6' title="bbox 365 747 1335 806; baseline 0 -16"><span class='ocrx_word' id='word_1_37' title='bbox 365 747 453 791; x_wconf 75' lang='grc' dir='ltr'><strong>τᾶν</strong></span> <span class='ocrx_word' id='word_1_38' title='bbox 488 747 792 803; x_wconf 77' lang='grc' dir='ltr'><strong><em>Ψαλυχιαδᾶν</em></strong></span> <span class='ocrx_word' id='word_1_39' title='bbox 825 748 874 791; x_wconf 75' lang='grc' dir='ltr'><strong>δὲ</strong></span> <span class='ocrx_word' id='word_1_40' title='bbox 908 748 1091 806; x_wconf 78' lang='grc' dir='ltr'><em>πάτραν</em></span> <span class='ocrx_word' id='word_1_41' title='bbox 1122 751 1335 805; x_wconf 79' lang='grc' dir='ltr'><strong><em>Χαρίτων</em></strong></span> 
     </span>
     <span class='ocr_line' id='line_1_7' title="bbox 366 816 984 879; baseline 0.003 -18"><span class='ocrx_word' id='word_1_42' title='bbox 366 816 549 876; x_wconf 75' lang='grc' dir='ltr'><strong><em>ἄρδοντι</em></strong></span> <span class='ocrx_word' id='word_1_43' title='bbox 581 819 795 879; x_wconf 75' lang='grc' dir='ltr'><strong><em>καλλίστᾳ</em></strong></span> <span class='ocrx_word' id='word_1_44' title='bbox 829 820 984 878; x_wconf 73' lang='grc' dir='ltr'><strong><em>δρόσῳ.</em></strong></span> 
     </span>
    </p>

    <p class='ocr_par' dir='ltr' id='par_1_4' title="bbox 222 890 1277 1018">
     <span class='ocr_line' id='line_1_8' title="bbox 340 890 850 936; baseline 0.002 -2"><span class='ocrx_word' id='word_1_45' title='bbox 340 890 440 934; x_wconf 88' lang='lat' dir='ltr'><strong>Huc</strong></span> <span class='ocrx_word' id='word_1_46' title='bbox 469 890 749 935; x_wconf 89' lang='lat' dir='ltr'><strong>referendum</strong></span> <span class='ocrx_word' id='word_1_47' title='bbox 780 894 850 936; x_wconf 87' lang='lat' dir='ltr'><strong>est</strong></span> 
     </span>
     <span class='ocr_line' id='line_1_9' title="bbox 222 960 1277 1018; baseline -0.001 -12"><span class='ocrx_word' id='word_1_48' title='bbox 222 963 273 1007; x_wconf 93' lang='grc' dir='ltr'><strong>Ο.</strong></span> <span class='ocrx_word' id='word_1_49' title='bbox 305 961 375 1016; x_wconf 83' lang='grc'><strong>13,</strong></span> <span class='ocrx_word' id='word_1_50' title='bbox 406 960 485 1005; x_wconf 83' lang='grc'><strong>19;</strong></span> <span class='ocrx_word' id='word_1_51' title='bbox 518 967 594 1004; x_wconf 83' lang='grc' dir='ltr'><strong><em>ταὶ</em></strong></span> <span class='ocrx_word' id='word_1_52' title='bbox 626 963 842 1006; x_wconf 82' lang='grc' dir='ltr'><em>Διονύσου</em></span> <span class='ocrx_word' id='word_1_53' title='bbox 874 964 1028 1005; x_wconf 72' lang='grc' dir='ltr'><strong><em>πόθεν</em></strong></span> <span class='ocrx_word' id='word_1_54' title='bbox 1059 963 1277 1018; x_wconf 74' lang='grc' dir='ltr'><strong><em>ἐξέφανεν</em></strong></span> 
     </span>
    </p>

    <p class='ocr_par' dir='ltr' id='par_1_5' title="bbox 363 1033 1239 1095">
     <span class='ocr_line' id='line_1_10' title="bbox 363 1033 1239 1095; baseline 0 -18"><span class='ocrx_word' id='word_1_55' title='bbox 363 1033 446 1095; x_wconf 72' lang='grc' dir='ltr'><strong>σῦν</strong></span> <span class='ocrx_word' id='word_1_56' title='bbox 476 1033 679 1092; x_wconf 78' lang='grc' dir='ltr'><strong><em>βοηλάτᾳ</em></strong></span> <span class='ocrx_word' id='word_1_57' title='bbox 711 1034 907 1093; x_wconf 86' lang='grc' dir='ltr'><strong><em>Χάριτες</em></strong></span> <span class='ocrx_word' id='word_1_58' title='bbox 940 1034 1210 1093; x_wconf 71' lang='grc' dir='ltr'><strong><em>διθυράμβῳ</em></strong></span> <span class='ocrx_word' id='word_1_59' title='bbox 1225 1054 1239 1088; x_wconf 85' lang='grc'><strong>,·</strong></span> 
     </span>
    </p>

    <p class='ocr_par' dir='ltr' id='par_1_6' title="bbox 220 1103 1462 1162">
     <span class='ocr_line' id='line_1_11' title="bbox 220 1103 1462 1162; baseline 0 -12"><span class='ocrx_word' id='word_1_60' title='bbox 220 1105 405 1150; x_wconf 72' lang='lat' dir='ltr'><strong>Gratiae</strong></span> <span class='ocrx_word' id='word_1_61' title='bbox 436 1103 633 1162; x_wconf 86' lang='grc' dir='ltr'><strong><em>αόίδιμοι</em></strong></span> <span class='ocrx_word' id='word_1_62' title='bbox 664 1105 894 1156; x_wconf 89' lang='grc' dir='ltr'><strong><em>βασίλειαι</em></strong></span> <span class='ocrx_word' id='word_1_63' title='bbox 926 1107 1207 1162; x_wconf 69' lang='lat' dir='ltr'><strong>appellantur</strong></span> <span class='ocrx_word' id='word_1_64' title='bbox 1238 1107 1288 1151; x_wconf 89' lang='grc' dir='ltr'><strong>Ο.</strong></span> <span class='ocrx_word' id='word_1_65' title='bbox 1320 1106 1390 1161; x_wconf 82' lang='lat'><strong>14,</strong></span> <span class='ocrx_word' id='word_1_66' title='bbox 1420 1106 1462 1150; x_wconf 78' lang='grc'><strong>2.</strong></span> 
     </span>
    </p>

    <p class='ocr_par' dir='ltr' id='par_1_7' title="bbox 216 1178 1798 1666">
     <span class='ocr_line' id='line_1_12' title="bbox 338 1178 1797 1234; baseline 0.001 -11"><span class='ocrx_word' id='word_1_67' title='bbox 338 1178 623 1224; x_wconf 88' lang='lat' dir='ltr'><strong>Pulchritudo</strong></span> <span class='ocrx_word' id='word_1_68' title='bbox 655 1191 825 1234; x_wconf 88' lang='lat' dir='ltr'><strong>quoque</strong></span> <span class='ocrx_word' id='word_1_69' title='bbox 854 1179 999 1224; x_wconf 90' lang='lat' dir='ltr'><strong>laetos</strong></span> <span class='ocrx_word' id='word_1_70' title='bbox 1030 1178 1176 1224; x_wconf 79' lang='lat' dir='ltr'><strong>reddit</strong></span> <span class='ocrx_word' id='word_1_71' title='bbox 1197 1178 1409 1234; x_wconf 82' lang='lat' dir='ltr'><strong>homines3</strong></span> <span class='ocrx_word' id='word_1_72' title='bbox 1441 1193 1570 1234; x_wconf 91' lang='lat' dir='ltr'><strong>quam</strong></span> <span class='ocrx_word' id='word_1_73' title='bbox 1591 1179 1679 1225; x_wconf 86' lang='lat' dir='ltr'><strong>vim</strong></span> <span class='ocrx_word' id='word_1_74' title='bbox 1702 1179 1797 1224; x_wconf 89' lang='lat' dir='ltr'><strong>eius</strong></span> 
     </span>
     <span class='ocr_line' id='line_1_13' title="bbox 217 1250 1798 1306; baseline -0.001 -10"><span class='ocrx_word' id='word_1_75' title='bbox 217 1251 530 1296; x_wconf 90' lang='lat' dir='ltr'><strong>laetificantem</strong></span> <span class='ocrx_word' id='word_1_76' title='bbox 563 1250 748 1295; x_wconf 81' lang='lat' dir='ltr'><strong>Gratiae</strong></span> <span class='ocrx_word' id='word_1_77' title='bbox 785 1252 943 1295; x_wconf 88' lang='lat' dir='ltr'><strong>curant</strong></span> <span class='ocrx_word' id='word_1_78' title='bbox 983 1264 1122 1306; x_wconf 85' lang='lat' dir='ltr'><strong>eaque</strong></span> <span class='ocrx_word' id='word_1_79' title='bbox 1163 1250 1210 1296; x_wconf 88' lang='lat' dir='ltr'><strong>vi</strong></span> <span class='ocrx_word' id='word_1_80' title='bbox 1249 1250 1390 1306; x_wconf 86' lang='lat' dir='ltr'><strong>ipsam</strong></span> <span class='ocrx_word' id='word_1_81' title='bbox 1431 1251 1798 1306; x_wconf 87' lang='lat' dir='ltr'><strong>pulchritudinem</strong></span> 
     </span>
     <span class='ocr_line' id='line_1_14' title="bbox 218 1308 1797 1380; baseline 0.001 -13"><span class='ocrx_word' id='word_1_82' title='bbox 218 1325 562 1377; x_wconf 71' lang='lat' dir='ltr'><strong>consummatam</strong></span> <span class='ocrx_word' id='word_1_83' title='bbox 604 1324 794 1368; x_wconf 89' lang='lat' dir='ltr'><strong>reddunt</strong></span> <span class='ocrx_word' id='word_1_84' title='bbox 836 1322 912 1380; x_wconf 85' lang='lat' dir='ltr'><strong>(cf.</strong></span> <span class='ocrx_word' id='word_1_85' title='bbox 944 1323 995 1367; x_wconf 91' lang='grc' dir='ltr'><strong>Ο.</strong></span> <span class='ocrx_word' id='word_1_86' title='bbox 1027 1321 1127 1379; x_wconf 86' lang='grc'>14);</span> <span class='ocrx_word' id='word_1_87' title='bbox 1174 1308 1379 1367; x_wconf 62' lang='lat' dir='ltr'><strong>auctores</strong></span> <span class='ocrx_word' id='word_1_88' title='bbox 1421 1325 1565 1367; x_wconf 83' lang='lat' dir='ltr'><strong>autem</strong></span> <span class='ocrx_word' id='word_1_89' title='bbox 1607 1320 1797 1379; x_wconf 87' lang='lat' dir='ltr'><strong>pulchri-</strong></span> 
     </span>
     <span class='ocr_line' id='line_1_15' title="bbox 217 1390 1796 1450; baseline 0 -11"><span class='ocrx_word' id='word_1_90' title='bbox 217 1394 384 1440; x_wconf 87' lang='lat' dir='ltr'><strong>tudinis</strong></span> <span class='ocrx_word' id='word_1_91' title='bbox 415 1408 503 1440; x_wconf 89' lang='lat' dir='ltr'><strong>non</strong></span> <span class='ocrx_word' id='word_1_92' title='bbox 533 1398 648 1440; x_wconf 88' lang='lat' dir='ltr'><strong>sunt.</strong></span> <span class='ocrx_word' id='word_1_93' title='bbox 684 1420 735 1427; x_wconf 94' lang='lat'><strong>—</strong></span> <span class='ocrx_word' id='word_1_94' title='bbox 771 1395 859 1440; x_wconf 88' lang='lat' dir='ltr'><strong>Sed</strong></span> <span class='ocrx_word' id='word_1_95' title='bbox 889 1395 974 1440; x_wconf 84' lang='lat' dir='ltr'><strong>hac</strong></span> <span class='ocrx_word' id='word_1_96' title='bbox 1013 1394 1060 1439; x_wconf 88' lang='lat' dir='ltr'><strong>in</strong></span> <span class='ocrx_word' id='word_1_97' title='bbox 1100 1408 1149 1439; x_wconf 91' lang='lat' dir='ltr'><strong>re</strong></span> <span class='ocrx_word' id='word_1_98' title='bbox 1180 1394 1368 1440; x_wconf 81' lang='lat' dir='ltr'><strong>Gratiae</strong></span> <span class='ocrx_word' id='word_1_99' title='bbox 1403 1390 1528 1450; x_wconf 70' lang='lat' dir='ltr'><strong>&#39;apud</strong></span> <span class='ocrx_word' id='word_1_100' title='bbox 1558 1394 1796 1439; x_wconf 86' lang='lat' dir='ltr'><strong>Pindarum</strong></span> 
     </span>
     <span class='ocr_line' id='line_1_16' title="bbox 216 1466 1798 1522; baseline -0.001 -11"><span class='ocrx_word' id='word_1_101' title='bbox 216 1467 360 1511; x_wconf 88' lang='lat' dir='ltr'><strong>rarius</strong></span> <span class='ocrx_word' id='word_1_102' title='bbox 392 1467 720 1522; x_wconf 86' lang='lat' dir='ltr'><strong>conspiciuntur</strong></span> <span class='ocrx_word' id='word_1_103' title='bbox 740 1469 919 1522; x_wconf 82' lang='lat' dir='ltr'><strong>propter</strong></span> <span class='ocrx_word' id='word_1_104' title='bbox 939 1466 1081 1522; x_wconf 82' lang='lat' dir='ltr'><strong>ipsam</strong></span> <span class='ocrx_word' id='word_1_105' title='bbox 1103 1467 1296 1511; x_wconf 83' lang='lat' dir='ltr'><strong>fortasse</strong></span> <span class='ocrx_word' id='word_1_106' title='bbox 1318 1467 1558 1510; x_wconf 76' lang='lat' dir='ltr'><strong>carminum</strong></span> <span class='ocrx_word' id='word_1_107' title='bbox 1580 1469 1798 1521; x_wconf 85' lang='lat' dir='ltr'><strong>naturam,</strong></span> 
     </span>
     <span class='ocr_line' id='line_1_17' title="bbox 217 1537 1797 1594; baseline -0.001 -11"><span class='ocrx_word' id='word_1_108' title='bbox 217 1551 315 1583; x_wconf 93' lang='lat' dir='ltr'><strong>cum</strong></span> <span class='ocrx_word' id='word_1_109' title='bbox 344 1537 489 1583; x_wconf 87' lang='lat' dir='ltr'><strong>rarius</strong></span> <span class='ocrx_word' id='word_1_110' title='bbox 518 1538 724 1593; x_wconf 90' lang='lat' dir='ltr'><strong>loquatur</strong></span> <span class='ocrx_word' id='word_1_111' title='bbox 753 1539 886 1594; x_wconf 89' lang='lat' dir='ltr'><strong>poeta</strong></span> <span class='ocrx_word' id='word_1_112' title='bbox 921 1538 975 1588; x_wconf 87' lang='lat' dir='ltr'><strong>de</strong></span> <span class='ocrx_word' id='word_1_113' title='bbox 1006 1537 1332 1594; x_wconf 82' lang='lat' dir='ltr'><strong>pulchritudine</strong></span> <span class='ocrx_word' id='word_1_114' title='bbox 1363 1537 1571 1593; x_wconf 84' lang='lat' dir='ltr'><strong>corporis.</strong></span> <span class='ocrx_word' id='word_1_115' title='bbox 1632 1538 1797 1583; x_wconf 82' lang='lat' dir='ltr'><strong>Tamen</strong></span> 
     </span>
     <span class='ocr_line' id='line_1_18' title="bbox 217 1610 837 1666; baseline 0 -11"><span class='ocrx_word' id='word_1_116' title='bbox 217 1611 411 1666; x_wconf 86' lang='lat' dir='ltr'><strong>corporis</strong></span> <span class='ocrx_word' id='word_1_117' title='bbox 442 1610 627 1655; x_wconf 89' lang='lat' dir='ltr'><strong>formam</strong></span> <span class='ocrx_word' id='word_1_118' title='bbox 658 1613 837 1656; x_wconf 87' lang='lat' dir='ltr'><strong>curant·</strong></span> 
     </span>
    </p>

    <p class='ocr_par' dir='ltr' id='par_1_8' title="bbox 217 1679 1469 1740">
     <span class='ocr_line' id='line_1_19' title="bbox 217 1679 1469 1740; baseline -0.002 -13"><span class='ocrx_word' id='word_1_119' title='bbox 217 1682 267 1728; x_wconf 90' lang='grc' dir='ltr'><strong>Ο.</strong></span> <span class='ocrx_word' id='word_1_120' title='bbox 299 1682 339 1737; x_wconf 89' lang='grc'><strong>6,</strong></span> <span class='ocrx_word' id='word_1_121' title='bbox 372 1681 451 1727; x_wconf 85' lang='grc'><strong>76;</strong></span> <span class='ocrx_word' id='word_1_122' title='bbox 482 1684 631 1739; x_wconf 75' lang='grc' dir='ltr'><strong><em>μῶμος</em></strong></span> <span class='ocrx_word' id='word_1_123' title='bbox 661 1681 712 1731; x_wconf 73' lang='grc' dir='ltr'><strong>ἐξ</strong></span> <span class='ocrx_word' id='word_1_124' title='bbox 743 1679 895 1725; x_wconf 86' lang='grc' dir='ltr'><strong><em>αλλων</em></strong></span> <span class='ocrx_word' id='word_1_125' title='bbox 927 1688 1144 1740; x_wconf 81' lang='grc' dir='ltr'><strong><em>κρέμαται</em></strong></span> <span class='ocrx_word' id='word_1_126' title='bbox 1178 1682 1469 1738; x_wconf 72' lang='grc' dir='ltr'><strong><em>φθονεόντων</em></strong></span> 
     </span>
    </p>

    <p class='ocr_par' dir='ltr' id='par_1_9' title="bbox 358 1746 1536 1837">
     <span class='ocr_line' id='line_1_20' title="bbox 358 1746 1536 1837; baseline -0.001 -40"><span class='ocrx_word' id='word_1_127' title='bbox 358 1746 461 1805; x_wconf 80' lang='grc' dir='ltr'><strong><em>τοῖς,</em></strong></span> <span class='ocrx_word' id='word_1_128' title='bbox 496 1754 558 1806; x_wconf 74' lang='grc' dir='ltr'><strong>οἷς</strong></span> <span class='ocrx_word' id='word_1_129' title='bbox 591 1772 697 1797; x_wconf 87' lang='grc' dir='ltr'><strong><em>ποτε</em></strong></span> <span class='ocrx_word' id='word_1_130' title='bbox 730 1772 918 1811; x_wconf 89' lang='grc' dir='ltr'><strong><em>πρωτοις</em></strong></span> <span class='ocrx_word' id='word_1_131' title='bbox 951 1760 1051 1811; x_wconf 83' lang='grc' dir='ltr'><strong><em>περὶ</em></strong></span> <span class='ocrx_word' id='word_1_132' title='bbox 1084 1750 1338 1797; x_wconf 75' lang='grc' dir='ltr'><strong><em>δωδέκατον</em></strong></span> <span class='ocrx_word' id='word_1_133' title='bbox 1370 1755 1536 1837; x_wconf 78' lang='grc' dir='ltr'><strong><em>δρόμον</em></strong></span> 
     </span>
    </p>

    <p class='ocr_par' dir='ltr' id='par_1_10' title="bbox 213 1823 1799 2241">
     <span class='ocr_line' id='line_1_21' title="bbox 359 1823 1794 1889; baseline -0.001 -19"><span class='ocrx_word' id='word_1_134' title='bbox 359 1826 703 1870; x_wconf 68' lang='grc' dir='ltr'><strong><em>ἐλαυνόντεσσιν</em></strong></span> <span class='ocrx_word' id='word_1_135' title='bbox 725 1825 878 1869; x_wconf 78' lang='grc' dir='ltr'><strong><em>αἰδοία</em></strong></span> <span class='ocrx_word' id='word_1_136' title='bbox 913 1825 1157 1889; x_wconf 78' lang='grc' dir='ltr'><strong><em>ποτιστάξῃ</em></strong></span> <span class='ocrx_word' id='word_1_137' title='bbox 1181 1825 1328 1883; x_wconf 86' lang='grc' dir='ltr'><strong><em>Χάρις</em></strong></span> <span class='ocrx_word' id='word_1_138' title='bbox 1359 1841 1417 1868; x_wconf 89' lang='grc' dir='ltr'><strong>ευ</strong></span> <span class='ocrx_word' id='word_1_139' title='bbox 1409 1823 1572 1868; x_wconf 83' lang='grc' dir='ltr'><strong><em>κλέα</em></strong></span> <span class='ocrx_word' id='word_1_140' title='bbox 1603 1826 1794 1884; x_wconf 69' lang='grc' dir='ltr'><strong><em>μορφάν.</em></strong></span> 
     </span>
     <span class='ocr_line' id='line_1_22' title="bbox 218 1896 1796 1954; baseline -0.002 -11"><span class='ocrx_word' id='word_1_141' title='bbox 218 1899 273 1943; x_wconf 78' lang='lat' dir='ltr'><strong>of.</strong></span> <span class='ocrx_word' id='word_1_142' title='bbox 306 1899 440 1943; x_wconf 79' lang='lat' dir='ltr'><strong>schol.</strong></span> <span class='ocrx_word' id='word_1_143' title='bbox 472 1897 579 1954; x_wconf 80' lang='grc'><strong>(126</strong></span> <span class='ocrx_word' id='word_1_144' title='bbox 593 1897 662 1949; x_wconf 79' lang='lat' dir='ltr'><strong>b):</strong></span> <span class='ocrx_word' id='word_1_145' title='bbox 695 1896 856 1940; x_wconf 75' lang='grc' dir='ltr'><strong><em>εὐκλέα</em></strong></span> <span class='ocrx_word' id='word_1_146' title='bbox 887 1915 1065 1954; x_wconf 74' lang='grc' dir='ltr'><strong><em>μορφαν</em></strong></span> <span class='ocrx_word' id='word_1_147' title='bbox 1099 1898 1149 1939; x_wconf 76' lang='grc' dir='ltr'><strong>δὲ</strong></span> <span class='ocrx_word' id='word_1_148' title='bbox 1174 1897 1274 1941; x_wconf 74' lang='grc' dir='ltr'><strong><em>εἶπε</em></strong></span> <span class='ocrx_word' id='word_1_149' title='bbox 1296 1897 1374 1939; x_wconf 87' lang='grc' dir='ltr'><strong>δια</strong></span> <span class='ocrx_word' id='word_1_150' title='bbox 1397 1915 1448 1939; x_wconf 90' lang='grc' dir='ltr'><strong><em>το</em></strong></span> <span class='ocrx_word' id='word_1_151' title='bbox 1475 1897 1796 1953; x_wconf 73' lang='grc' dir='ltr'><strong><em>περιβλέπτους</em></strong></span> 
     </span>
     <span class='ocr_line' id='line_1_23' title="bbox 215 1967 1795 2026; baseline 0 -14"><span class='ocrx_word' id='word_1_152' title='bbox 215 1969 335 2013; x_wconf 81' lang='grc' dir='ltr'><strong><em>εἶναι</em></strong></span> <span class='ocrx_word' id='word_1_153' title='bbox 366 1985 468 2020; x_wconf 83' lang='grc' dir='ltr'><strong><em>τους</em></strong></span> <span class='ocrx_word' id='word_1_154' title='bbox 500 1971 718 2019; x_wconf 76' lang='grc' dir='ltr'><strong><em>νικῶντας</em></strong></span> <span class='ocrx_word' id='word_1_155' title='bbox 749 1974 826 2011; x_wconf 79' lang='grc' dir='ltr'><strong>καῖ</strong></span> <span class='ocrx_word' id='word_1_156' title='bbox 857 1967 1126 2026; x_wconf 75' lang='grc' dir='ltr'><strong><em>ἐπιχάριτας</em></strong></span> <span class='ocrx_word' id='word_1_157' title='bbox 1157 1974 1233 2010; x_wconf 82' lang='grc' dir='ltr'><strong>καῖ</strong></span> <span class='ocrx_word' id='word_1_158' title='bbox 1266 1968 1512 2025; x_wconf 81' lang='grc' dir='ltr'><strong><em>λαμπρούς.</em></strong></span> <span class='ocrx_word' id='word_1_159' title='bbox 1566 1968 1664 2012; x_wconf 82' lang='lat' dir='ltr'><strong>Hoc</strong></span> <span class='ocrx_word' id='word_1_160' title='bbox 1690 1981 1795 2022; x_wconf 83' lang='lat' dir='ltr'><strong>quo·</strong></span> 
     </span>
     <span class='ocr_line' id='line_1_24' title="bbox 216 2039 1799 2097; baseline -0.001 -11"><span class='ocrx_word' id='word_1_161' title='bbox 216 2055 299 2097; x_wconf 89' lang='lat' dir='ltr'><strong>que</strong></span> <span class='ocrx_word' id='word_1_162' title='bbox 320 2042 415 2086; x_wconf 91' lang='lat' dir='ltr'><strong>loco</strong></span> <span class='ocrx_word' id='word_1_163' title='bbox 438 2040 638 2085; x_wconf 83' lang='lat' dir='ltr'><strong>Gratiam</strong></span> <span class='ocrx_word' id='word_1_164' title='bbox 660 2053 747 2084; x_wconf 90' lang='lat' dir='ltr'><strong>non</strong></span> <span class='ocrx_word' id='word_1_165' title='bbox 768 2042 818 2084; x_wconf 93' lang='lat' dir='ltr'><strong>ut</strong></span> <span class='ocrx_word' id='word_1_166' title='bbox 838 2040 967 2084; x_wconf 89' lang='lat' dir='ltr'><strong>deam</strong></span> <span class='ocrx_word' id='word_1_167' title='bbox 987 2040 1240 2085; x_wconf 82' lang='lat' dir='ltr'><strong>venustatis</strong></span> <span class='ocrx_word' id='word_1_168' title='bbox 1261 2039 1589 2084; x_wconf 85' lang='lat' dir='ltr'><strong>commemorari</strong></span> <span class='ocrx_word' id='word_1_169' title='bbox 1610 2043 1799 2095; x_wconf 84' lang='lat' dir='ltr'><strong>apparet</strong></span> 
     </span>
     <span class='ocr_line' id='line_1_25' title="bbox 213 2111 1796 2167; baseline -0.002 -8"><span class='ocrx_word' id='word_1_170' title='bbox 213 2114 292 2159; x_wconf 89' lang='lat' dir='ltr'><strong>sed</strong></span> <span class='ocrx_word' id='word_1_171' title='bbox 323 2115 373 2158; x_wconf 91' lang='lat' dir='ltr'><strong>ut</strong></span> <span class='ocrx_word' id='word_1_172' title='bbox 404 2113 531 2158; x_wconf 89' lang='lat' dir='ltr'><strong>deam</strong></span> <span class='ocrx_word' id='word_1_173' title='bbox 560 2111 760 2157; x_wconf 88' lang='lat' dir='ltr'><strong>laetitiae</strong></span> <span class='ocrx_word' id='word_1_174' title='bbox 790 2111 979 2157; x_wconf 88' lang='lat' dir='ltr'><strong>victoria</strong></span> <span class='ocrx_word' id='word_1_175' title='bbox 1014 2112 1210 2166; x_wconf 79' lang='lat' dir='ltr'><strong>effectae,</strong></span> <span class='ocrx_word' id='word_1_176' title='bbox 1247 2125 1360 2167; x_wconf 89' lang='lat' dir='ltr'><strong>quae</strong></span> <span class='ocrx_word' id='word_1_177' title='bbox 1392 2111 1582 2167; x_wconf 86' lang='lat' dir='ltr'><strong>speciem</strong></span> <span class='ocrx_word' id='word_1_178' title='bbox 1613 2111 1796 2157; x_wconf 80' lang='lat' dir='ltr'><strong>victoris</strong></span> 
     </span>
     <span class='ocr_line' id='line_1_26' title="bbox 214 2184 1261 2241; baseline -0.003 -9"><span class='ocrx_word' id='word_1_179' title='bbox 214 2186 404 2233; x_wconf 87' lang='lat' dir='ltr'><strong>victoria</strong></span> <span class='ocrx_word' id='word_1_180' title='bbox 434 2199 516 2231; x_wconf 88' lang='lat' dir='ltr'><strong>sua</strong></span> <span class='ocrx_word' id='word_1_181' title='bbox 545 2184 756 2236; x_wconf 84' lang='lat' dir='ltr'><strong>laetantis</strong></span> <span class='ocrx_word' id='word_1_182' title='bbox 787 2184 1072 2241; x_wconf 86' lang='lat' dir='ltr'><strong>insigniorem</strong></span> <span class='ocrx_word' id='word_1_183' title='bbox 1102 2184 1261 2229; x_wconf 87' lang='lat' dir='ltr'><strong>reddit.</strong></span> 
     </span>
    </p>

    <p class='ocr_par' dir='ltr' id='par_1_11' title="bbox 208 2255 1797 2735">
     <span class='ocr_line' id='line_1_27' title="bbox 333 2255 1797 2312; baseline -0.002 -9"><span class='ocrx_word' id='word_1_184' title='bbox 333 2258 422 2303; x_wconf 89' lang='lat' dir='ltr'><strong>Sed</strong></span> <span class='ocrx_word' id='word_1_185' title='bbox 451 2257 642 2302; x_wconf 82' lang='lat' dir='ltr'><strong>Pindaro</strong></span> <span class='ocrx_word' id='word_1_186' title='bbox 684 2268 865 2311; x_wconf 89' lang='lat' dir='ltr'><strong>quoque,</strong></span> <span class='ocrx_word' id='word_1_187' title='bbox 906 2257 956 2300; x_wconf 90' lang='lat' dir='ltr'><strong>ut</strong></span> <span class='ocrx_word' id='word_1_188' title='bbox 995 2255 1176 2311; x_wconf 89' lang='lat' dir='ltr'><strong>reliquis</strong></span> <span class='ocrx_word' id='word_1_189' title='bbox 1217 2255 1361 2311; x_wconf 83' lang='lat' dir='ltr'><strong>poetis</strong></span> <span class='ocrx_word' id='word_1_190' title='bbox 1403 2255 1568 2312; x_wconf 85' lang='lat' dir='ltr'><strong>lyricis,</strong></span> <span class='ocrx_word' id='word_1_191' title='bbox 1609 2255 1797 2301; x_wconf 85' lang='lat' dir='ltr'><strong>Gratiae</strong></span> 
     </span>
     <span class='ocr_line' id='line_1_28' title="bbox 210 2328 1788 2384; baseline -0.002 -9"><span class='ocrx_word' id='word_1_192' title='bbox 210 2331 399 2375; x_wconf 91' lang='lat' dir='ltr'><strong>omnium</strong></span> <span class='ocrx_word' id='word_1_193' title='bbox 430 2342 580 2375; x_wconf 82' lang='lat' dir='ltr'><strong>earum</strong></span> <span class='ocrx_word' id='word_1_194' title='bbox 611 2328 803 2384; x_wconf 88' lang='lat' dir='ltr'><strong>corporis</strong></span> <span class='ocrx_word' id='word_1_195' title='bbox 834 2331 879 2372; x_wconf 89' lang='lat' dir='ltr'><strong>et</strong></span> <span class='ocrx_word' id='word_1_196' title='bbox 901 2328 1035 2372; x_wconf 86' lang='lat' dir='ltr'><strong>animi</strong></span> <span class='ocrx_word' id='word_1_197' title='bbox 1053 2328 1267 2372; x_wconf 86' lang='lat' dir='ltr'><strong>virtutum</strong></span> <span class='ocrx_word' id='word_1_198' title='bbox 1286 2328 1397 2372; x_wconf 85' lang='lat' dir='ltr'><strong>deae</strong></span> <span class='ocrx_word' id='word_1_199' title='bbox 1418 2328 1559 2373; x_wconf 86' lang='lat' dir='ltr'><strong>fuisse</strong></span> <span class='ocrx_word' id='word_1_200' title='bbox 1579 2328 1788 2373; x_wconf 87' lang='lat' dir='ltr'><strong>videntur</strong></span> 
     </span>
     <span class='ocr_line' id='line_1_29' title="bbox 210 2398 1788 2457; baseline -0.001 -10"><span class='ocrx_word' id='word_1_201' title='bbox 210 2414 323 2457; x_wconf 86' lang='lat' dir='ltr'><strong>quae</strong></span> <span class='ocrx_word' id='word_1_202' title='bbox 353 2401 568 2447; x_wconf 88' lang='lat' dir='ltr'><strong>hominem</strong></span> <span class='ocrx_word' id='word_1_203' title='bbox 588 2401 821 2446; x_wconf 88' lang='lat' dir='ltr'><strong>venustum</strong></span> <span class='ocrx_word' id='word_1_204' title='bbox 841 2401 888 2443; x_wconf 91' lang='lat' dir='ltr'><strong>et</strong></span> <span class='ocrx_word' id='word_1_205' title='bbox 918 2399 1150 2444; x_wconf 86' lang='lat' dir='ltr'><strong>amabilem</strong></span> <span class='ocrx_word' id='word_1_206' title='bbox 1178 2398 1391 2456; x_wconf 84' lang='lat' dir='ltr'><strong>reddunt3</strong></span> <span class='ocrx_word' id='word_1_207' title='bbox 1420 2399 1479 2445; x_wconf 78' lang='lat' dir='ltr'><strong>cf.</strong></span> <span class='ocrx_word' id='word_1_208' title='bbox 1511 2400 1627 2444; x_wconf 86' lang='lat' dir='ltr'><strong>hanc</strong></span> <span class='ocrx_word' id='word_1_209' title='bbox 1658 2412 1788 2445; x_wconf 87' lang='lat' dir='ltr'><strong>voca-</strong></span> 
     </span>
     <span class='ocr_line' id='line_1_30' title="bbox 210 2470 1787 2532; baseline -0.001 -14"><span class='ocrx_word' id='word_1_210' title='bbox 210 2474 302 2518; x_wconf 92' lang='lat' dir='ltr'><strong>buli</strong></span> <span class='ocrx_word' id='word_1_211' title='bbox 332 2474 461 2532; x_wconf 81' lang='grc' dir='ltr'><strong><em>χάρις</em></strong></span> <span class='ocrx_word' id='word_1_212' title='bbox 493 2472 858 2530; x_wconf 88' lang='lat' dir='ltr'><strong>significationem</strong></span> <span class='ocrx_word' id='word_1_213' title='bbox 887 2484 989 2528; x_wconf 83' lang='lat' dir='ltr'><strong>pag.</strong></span> <span class='ocrx_word' id='word_1_214' title='bbox 1022 2470 1077 2515; x_wconf 84' lang='lat'><strong>19</strong></span> <span class='ocrx_word' id='word_1_215' title='bbox 1110 2484 1205 2526; x_wconf 86' lang='lat' dir='ltr'>sqq.</span> <span class='ocrx_word' id='word_1_216' title='bbox 1267 2472 1392 2528; x_wconf 79' lang='lat' dir='ltr'><strong>Quae</strong></span> <span class='ocrx_word' id='word_1_217' title='bbox 1433 2486 1583 2517; x_wconf 86' lang='lat' dir='ltr'><strong>earum</strong></span> <span class='ocrx_word' id='word_1_218' title='bbox 1625 2476 1787 2517; x_wconf 87' lang='lat' dir='ltr'><strong>natura</strong></span> 
     </span>
     <span class='ocr_line' id='line_1_31' title="bbox 208 2543 1787 2601; baseline 0 -12"><span class='ocrx_word' id='word_1_219' title='bbox 208 2545 254 2589; x_wconf 88' lang='lat' dir='ltr'><strong>in</strong></span> <span class='ocrx_word' id='word_1_220' title='bbox 295 2545 493 2601; x_wconf 87' lang='lat' dir='ltr'><strong>epiniciis</strong></span> <span class='ocrx_word' id='word_1_221' title='bbox 540 2545 714 2600; x_wconf 88' lang='lat' dir='ltr'><strong>quidem</strong></span> <span class='ocrx_word' id='word_1_222' title='bbox 758 2556 845 2588; x_wconf 91' lang='lat' dir='ltr'><strong>non</strong></span> <span class='ocrx_word' id='word_1_223' title='bbox 889 2543 1126 2597; x_wconf 86' lang='lat' dir='ltr'><strong>invenitur,</strong></span> <span class='ocrx_word' id='word_1_224' title='bbox 1172 2544 1253 2588; x_wconf 86' lang='lat' dir='ltr'><strong>sed</strong></span> <span class='ocrx_word' id='word_1_225' title='bbox 1297 2544 1594 2601; x_wconf 83' lang='lat' dir='ltr'><strong>fragmentum</strong></span> <span class='ocrx_word' id='word_1_226' title='bbox 1635 2547 1787 2589; x_wconf 85' lang='lat' dir='ltr'><strong>exstat</strong></span> 
     </span>
     <span class='ocr_line' id='line_1_32' title="bbox 211 2615 1776 2672; baseline -0.001 -10"><span class='ocrx_word' id='word_1_227' title='bbox 211 2616 417 2663; x_wconf 84' lang='lat' dir='ltr'><strong>carminis</strong></span> <span class='ocrx_word' id='word_1_228' title='bbox 438 2617 485 2662; x_wconf 90' lang='lat' dir='ltr'><strong>in</strong></span> <span class='ocrx_word' id='word_1_229' title='bbox 506 2616 732 2662; x_wconf 82' lang='lat' dir='ltr'><strong>Theoxeni</strong></span> <span class='ocrx_word' id='word_1_230' title='bbox 752 2615 935 2661; x_wconf 80' lang='lat' dir='ltr'><strong>Tenedii</strong></span> <span class='ocrx_word' id='word_1_231' title='bbox 954 2616 1081 2672; x_wconf 88' lang='lat' dir='ltr'><strong>pueri</strong></span> <span class='ocrx_word' id='word_1_232' title='bbox 1103 2629 1130 2660; x_wconf 90' lang='lat' dir='ltr'><strong>a</strong></span> <span class='ocrx_word' id='word_1_233' title='bbox 1150 2618 1285 2672; x_wconf 86' lang='lat' dir='ltr'><strong>poeta</strong></span> <span class='ocrx_word' id='word_1_234' title='bbox 1307 2617 1447 2662; x_wconf 87' lang='lat' dir='ltr'><strong>amati</strong></span> <span class='ocrx_word' id='word_1_235' title='bbox 1467 2617 1642 2662; x_wconf 88' lang='lat' dir='ltr'><strong>laudem</strong></span> <span class='ocrx_word' id='word_1_236' title='bbox 1663 2616 1776 2662; x_wconf 85' lang='lat' dir='ltr'><strong>facti</strong></span> 
     </span>
     <span class='ocr_line' id='line_1_33' title="bbox 212 2683 852 2735; baseline -0.006 0"><span class='ocrx_word' id='word_1_237' title='bbox 212 2691 266 2735; x_wconf 88' lang='lat' dir='ltr'><strong>fr.</strong></span> <span class='ocrx_word' id='word_1_238' title='bbox 300 2688 408 2734; x_wconf 77' lang='lat'>123:</span> <span class='ocrx_word' id='word_1_239' title='bbox 443 2725 485 2733; x_wconf 89' lang='lat'><strong>..</strong></span> <span class='ocrx_word' id='word_1_240' title='bbox 513 2725 521 2733; x_wconf 91' lang='lat'>.</span> <span class='ocrx_word' id='word_1_241' title='bbox 555 2683 645 2734; x_wconf 71' lang='grc' dir='ltr'><strong><em>εὖτ’</em></strong></span> <span class='ocrx_word' id='word_1_242' title='bbox 680 2686 740 2733; x_wconf 73' lang='grc' dir='ltr'><strong>ἄν</strong></span> <span class='ocrx_word' id='word_1_243' title='bbox 771 2688 852 2732; x_wconf 75' lang='grc' dir='ltr'><strong>ἴδω</strong></span> 
     </span>
    </p>

    <p class='ocr_par' dir='ltr' id='par_1_12' title="bbox 355 2757 1724 2820">
     <span class='ocr_line' id='line_1_34' title="bbox 355 2757 1724 2820; baseline -0.001 -15"><span class='ocrx_word' id='word_1_244' title='bbox 355 2761 525 2813; x_wconf 72' lang='grc' dir='ltr'><strong><em>παιδός</em></strong></span> <span class='ocrx_word' id='word_1_245' title='bbox 557 2762 760 2816; x_wconf 75' lang='grc' dir='ltr'><strong><em>νεόγυιον</em></strong></span> <span class='ocrx_word' id='word_1_246' title='bbox 790 2760 834 2812; x_wconf 77' lang='grc' dir='ltr'><strong>ἐς</strong></span> <span class='ocrx_word' id='word_1_247' title='bbox 865 2757 1012 2818; x_wconf 75' lang='grc' dir='ltr'><strong><em>ἥβαν·</em></strong></span> <span class='ocrx_word' id='word_1_248' title='bbox 1046 2760 1095 2804; x_wconf 75' lang='grc' dir='ltr'><strong>ἐν</strong></span> <span class='ocrx_word' id='word_1_249' title='bbox 1126 2761 1169 2804; x_wconf 82' lang='grc' dir='ltr'><strong>δ’</strong></span> <span class='ocrx_word' id='word_1_250' title='bbox 1202 2759 1292 2819; x_wconf 76' lang='grc' dir='ltr'><strong>ἄρα</strong></span> <span class='ocrx_word' id='word_1_251' title='bbox 1327 2767 1403 2804; x_wconf 78' lang='grc' dir='ltr'><strong>καὶ</strong></span> <span class='ocrx_word' id='word_1_252' title='bbox 1440 2761 1614 2820; x_wconf 72' lang='grc' dir='ltr'><strong><em>Τενέδῳ</em></strong></span> <span class='ocrx_word' id='word_1_253' title='bbox 1696 2793 1724 2812; x_wconf 86' lang='grc'><strong>-,</strong></span> 
     </span>
    </p>

    <p class='ocr_par' dir='ltr' id='par_1_13' title="bbox 314 2821 1555 2891">
     <span class='ocr_line' id='line_1_35' title="bbox 314 2821 1555 2891; baseline 0.001 -16"><span class='ocrx_word' id='word_1_254' title='bbox 314 2821 318 2824; x_wconf 16' lang='grc' dir='ltr'><strong>ἱ</strong></span> <span class='ocrx_word' id='word_1_255' title='bbox 353 2833 512 2876; x_wconf 71' lang='grc' dir='ltr'><strong><em>Πειθώ</em></strong></span> <span class='ocrx_word' id='word_1_256' title='bbox 544 2837 584 2875; x_wconf 77' lang='grc' dir='ltr'><strong><em>τ’</em></strong></span> <span class='ocrx_word' id='word_1_257' title='bbox 617 2831 767 2876; x_wconf 71' lang='grc' dir='ltr'><strong><em>ἔναιεν</em></strong></span> <span class='ocrx_word' id='word_1_258' title='bbox 798 2837 875 2875; x_wconf 76' lang='grc' dir='ltr'><strong>καὶ</strong></span> <span class='ocrx_word' id='word_1_259' title='bbox 906 2832 1053 2891; x_wconf 85' lang='grc' dir='ltr'><strong><em>Χάρις</em></strong></span> <span class='ocrx_word' id='word_1_260' title='bbox 1084 2833 1188 2876; x_wconf 72' lang='grc' dir='ltr'><strong><em>υἱόν</em></strong></span> <span class='ocrx_word' id='word_1_261' title='bbox 1219 2854 1304 2878; x_wconf 73' lang='grc' dir='ltr'><strong>υ-</strong></span> <span class='ocrx_word' id='word_1_262' title='bbox 1334 2831 1555 2890; x_wconf 75' lang='grc' dir='ltr'><strong><em>Ἁγησίλα.</em></strong></span> 
     </span>
    </p>
   </div>
  </div>
 </body>
</html>
