2001 3296
850 237 1142 285 ...49-

330 370 418 415 Sed
442 370 553 415 haec
578 369 852 426 singularum
876 369 1133 418 Gratiarum
1158 369 1335 414 nomina
1359 367 1563 426 posteris,
1590 370 1641 412 ut
1665 367 1782 424 apud

210 445 357 489 Horas
383 454 554 496 quoque
581 443 628 485 et
658 441 770 495 alias
797 442 905 486 deas
931 441 1098 485 factum
1130 444 1211 496 est,
1236 438 1505 496 temporibus
1537 442 1637 484 orta
1667 442 1783 492 sunt,

209 527 304 560 cum
326 512 644 567 antiquissimis
663 513 933 569 temporibus
954 525 1043 557 non
1067 516 1218 557 essent
1239 511 1378 562 Αὐξώ
1400 514 1446 556 οι
1467 509 1678 568 Ἡγεμόνη
1697 511 1783 565 vel,

209 589 259 632 ut
278 586 447 629 Robert
476 585 585 639 vult,
619 584 797 635 Θαλλώ,
831 584 1017 642 Kamai,
1047 582 1187 634 Αὐξώ
1219 582 1360 640 neque
1392 584 1483 628 alia
1500 582 1701 638 nomina,
1733 585 1783 626 ut

210 659 398 714 Spartae
429 655 583 715 Κλήτα
617 660 662 716 et
697 660 898 708 Φαέννα,
931 657 1011 701 sed
1040 658 1232 715 Χάριτες
1264 660 1386 703 certo
1416 668 1597 702 numero
1628 654 1782 700 certis-

209 742 292 784 que
334 728 519 785 singulis
561 728 806 773 nominibus
848 731 1064 774 carentes,
1130 730 1253 774 Deae
1292 729 1588 774 laetificantes
1631 729 1782 782 erant;

207 802 291 845 1100
321 813 478 845 110111οι1
509 800 643 845 οι10111
684 800 746 844 1111
776 802 1018 847 servabant
1057 800 1133 846 ubi
1172 792 1428 857 principalis
1468 800 1581 845 haec
1621 801 1784 844 natura

208 885 358 917 earum
388 884 476 918 nou
506 871 593 917 iam
625 874 782 928 aperta
812 874 931 927 erat,
973 886 1071 918 cum
1100 873 1228 918 unius
1260 872 1497 928 praecipue
1527 871 1593 915 rei
1623 870 1781 916 laetifi-

207 944 364 998 cantis,
395 944 656 999 fertilitatis,
688 945 797 990 deae
829 946 1088 990 colerentur.

326 1145 452 1203 Apud
483 1148 719 1193 Homerum
749 1161 919 1203 quoque
950 1148 1134 1193 Gratiae
1177 1150 1297 1192 certo
1338 1160 1517 1193 numero
1559 1147 1780 1202 certisque

208 1218 394 1276 singulis
426 1219 671 1265 nominibus
703 1223 869 1265 carent.
931 1219 1020 1264 Sed
1050 1219 1140 1264 alia
1170 1222 1241 1264 est
1270 1221 1433 1264 natura
1463 1232 1627 1265 earum.
1674 1219 1779 1264 Cum

206 1292 421 1335 hactenus
450 1292 684 1347 praecipue
715 1305 947 1336 munera
967 1290 1223 1335 Gratiarum
1245 1291 1400 1345 quibus
1421 1291 1617 1335 homiues
1637 1291 1781 1335 laetos

206 1362 397 1408 reddunt
427 1366 632 1420 respecta
672 1376 772 1408 esse
812 1362 1107 1409 invenerimus
1120 1398 1131 1418 ‚
1176 1362 1292 1418 apud
1323 1363 1560 1407 Homerum
1601 1362 1781 1407 dearum

206 1434 401 1490 ipsarum
431 1448 714 1491 personae
750 1434 892 1491 magis
923 1434 1231 1490 respiciuntur.
1291 1434 1411 1479 Deas
1453 1446 1567 1489 quae
1607 1434 1782 1479 laetitia

206 1506 313 1552 deos
345 1509 392 1552 et
421 1507 618 1553 homines
660 1507 863 1552 afficiunt
901 1507 1086 1563 pulchra
1125 1510 1172 1552 et
1201 1508 1394 1553 venusta
1422 1506 1650 1564 praeditas
1681 1519 1781 1551 esse

149 1575 152 1579 ’
205 1578 348 1625 forma
388 1582 732 1626 consentaneum
772 1582 854 1625 est.
914 1579 1101 1625 Accedit
1143 1580 1258 1635 quod
1298 1579 1518 1625 vocabula
1557 1579 1687 1638 χάρις
1734 1583 1781 1624 οι

204 1659 372 1710 χαρίεις
405 1652 522 1708 apud
552 1652 789 1697 Homerum
819 1653 949 1709 longe
980 1651 1177 1708 plurimis
1208 1651 1316 1697 locis
1348 1651 1538 1698 virtutes
1559 1651 1780 1697 hominum

203 1723 521 1779 laetificantes,
563 1724 659 1770 sive
700 1724 833 1769 animi
875 1723 970 1770 sive
1001 1723 1218 1780 corporis,
1261 1722 1580 1768 amabilitatem
1610 1723 1781 1768 scilicet

207 1797 253 1839 et
277 1797 558 1841 venustatem
571 1793 620 1851 ¹),
652 1795 917 1852 significant,
948 1808 1035 1840 non
1057 1794 1234 1851 singula
1257 1794 1476 1840 hominum
1502 1794 1642 1840 facta.
1688 1795 1780 1839 Ita-

206 1881 289 1922 que
325 1868 561 1912 Homerum
600 1868 729 1923 plura
770 1868 824 1913 de
865 1867 1059 1923 ipsarum
1088 1866 1343 1912 Gratiarum
1383 1869 1621 1913 venustate
1661 1866 1781 1922 loqui

206 1952 335 1994 quam
367 1940 422 1984 de
452 1939 584 1984 factis
617 1940 766 1984 earum
797 1938 952 1984 mirum
984 1952 1071 1984 non
1102 1941 1183 1984 est.
1235 1938 1275 1983 Ii
1305 1938 1501 1983 homines
1532 1938 1651 1983 inter
1671 1951 1779 1993 quos

204 2011 383 2055 Homeri
425 2010 621 2055 carmina
662 2013 762 2054 orta
802 2012 908 2055 sunt
947 2023 1035 2054 non
1077 2010 1347 2054 necessitate
1389 2010 1532 2054 coacti
1571 2010 1617 2053 in
1658 2010 1780 2055 victu

206 2083 456 2137 quaerendo
488 2083 581 2127 toto
613 2083 911 2128 versabantur
942 2082 1109 2137 animo,
1150 2082 1330 2127 numina
1360 2081 1540 2126 Homeri
1570 2080 1780 2126 nobilium

204 2154 425 2199 hominum
455 2154 634 2199 numina
663 2156 778 2198 sunt.
840 2154 1085 2198 Gratiae
1127 2154 1273 2209 apud
1314 2167 1432 2198 eum
1472 2154 1613 2198 deae
1645 2156 1780 2198 sunt

206 2239 347 2280 quae
389 2229 446 2271 et
487 2239 588 2272 sua
628 2227 944 2273 venustate
983 2230 1157 2281 atque
1189 2224 1564 2271 amabilitate
1601 2225 1778 2270 laeti-

205 2298 397 2344 ficant
447 2303 503 2343 et
548 2298 873 2343 hominibus
920 2311 1141 2352 quoque
1191 2300 1562 2343 venustatem
1613 2311 1778 2353 prae·

206 2372 391 2416 stant:

206 2439 285 2485 Od.
318 2441 359 2496 6,
392 2442 470 2487 18:
503 2477 512 2487 .
546 2478 554 2487 .
589 2477 598 2487 .
630 2443 761 2500 κούρη

348 2516 524 2570 κοιμᾶτ’
556 2511 822 2578 ἀθανάτῃσι
856 2512 971 2570 φυήν
1002 2517 1079 2554 καῖ
1110 2511 1225 2563 εἶδος
1260 2510 1403 2570 ὁμοίη,

348 2585 592 2629 Ναυσικάα
626 2620 636 2631 .
667 2620 677 2631 .
710 2620 720 2631 .

349 2656 446 2715 ποέρ
478 2657 529 2701 δὲ
560 2656 632 2701 δύ’
663 2655 925 2714 ἀμφίπολοι,
957 2659 1169 2714 Χαρίτων
1201 2653 1297 2700 ἄπο
1327 2656 1491 2708 κάλλος
1522 2653 1716 2712 ἔχουσαι,

327 2820 364 2867 1)
383 2811 438 2859 cf.
463 2833 553 2869 pag·-
580 2824 718 2860 19—21
746 2826 784 2860 et
808 2824 981 2869 exempla
1006 2823 1205 2859 Homerica
1230 2823 1283 2859 ibi
1308 2823 1436 2861 allata.

1538 2894 1563 2930 4
