2001 3296
872 226 1168 275 ...6-7-

231 365 345 422 quod
370 364 487 418 ,deae
518 364 623 409 sunt
654 361 844 408 omnium
874 374 1024 407 earum
1054 362 1267 408 virtutum
1299 364 1346 408 et
1377 361 1571 418 eorporis
1603 362 1650 406 et
1676 359 1810 406 animi

229 437 386 493 quibus
431 437 558 481 homo
605 435 805 492 placeat;
852 434 1120 491 Hippolytus
1166 434 1340 481 iuvenis
1386 438 1485 480 erat
1531 447 1615 489 quo
1657 446 1808 478 omnes

169 562 171 564 ,
227 512 506 555 laetarentur
533 508 612 568 (ef.
635 508 940 554 Germanicum
978 508 1076 565 „ein
1106 508 1302 563 Menseh‚
1335 522 1392 553 an
1423 508 1522 553 dem
1553 520 1655 552 man
1686 505 1808 551 seine

227 581 406 626 Frende
436 582 583 625 haben
613 580 796 638 kann“).
1722 586 1726 589 “

228 654 360 697 Herc.
392 651 502 696 673:
535 650 588 695 ου’
621 653 854 708 παύσομαι
885 651 968 703 τοὶς
999 653 1206 709 Χάριτας

372 724 584 778 Μούσαις
616 724 1009 780 συγκαταμειγνύς,

372 794 567 842 οἷδίσταν
598 798 824 851 συζυγίαν.

369 868 429 926 μή
465 868 582 927 ζῴην
611 871 704 925 μετ’
738 867 970 924 ἀμουσίας,

374 944 464 983 atet
496 940 538 983 δ’
569 940 618 984 ἐν
650 941 934 996 στεφάνοισιν
965 943 1073 998 εἴην.

227 1010 409 1055 Gratias
441 1011 625 1068 miseere
655 1012 773 1056 inter
793 1013 945 1056 Musas
976 1014 1068 1056 est:
1100 1013 1327 1055 Musarum
1359 1025 1494 1067 opera
1514 1012 1626 1055 talia
1646 1025 1806 1055 canere

227 1082 424 1127 carmina
465 1082 622 1137 quibus
664 1083 734 1128 vis
772 1083 985 1138 quaedam
1014 1083 1123 1128 insit
1152 1082 1449 1128 laetificatrix.
1509 1082 1806 1129 Wilamowitz

220 1144 361 1199 animi
401 1154 520 1210 grati
560 1155 780 1199 notionem
827 1167 906 1210 per
946 1154 1127 1199 Gratias
1175 1155 1415 1211 significari
1459 1157 1586 1199 ratus
1632 1157 1805 1210 partem

225 1228 398 1272 tantum
440 1229 627 1272 naturae
669 1241 818 1273 earum
854 1226 1141 1283 interpretari
1181 1226 1285 1271 mihi
1326 1226 1523 1283 videtur3
1563 1240 1664 1272 nam
1707 1239 1804 1271 eum

227 1299 384 1342 chorus
415 1301 507 1356 tum
538 1299 634 1354 ipse
665 1302 809 1355 poeta,
841 1300 915 1353 qui
944 1300 1028 1343 hoe
1058 1300 1154 1343 loeo
1184 1312 1264 1354 per
1296 1301 1474 1343 chorum
1504 1312 1629 1343 suam
1662 1299 1804 1354 aperit

227 1370 494 1414 sententiam
507 1406 517 1426 ‚
559 1370 782 1415 affirmare
813 1371 910 1416 vult
940 1384 1001 1424 se,
1034 1384 1295 1425 quamquam
1328 1371 1385 1415 ad
1416 1372 1689 1415 senectutem
1720 1370 1806 1414 sibi

226 1440 416 1502 invisam
463 1445 508 1486 et
553 1442 728 1487 laetitia
776 1445 999 1487 carentem
1045 1442 1122 1501 (ef.
1163 1442 1327 1500 λυγρόν
1373 1456 1415 1487 v.
1447 1441 1533 1486 649
1580 1444 1805 1497 totamque

226 1506 450 1571 stropham
481 1514 688 1572 priorem)
721 1515 985 1571 pervenerit,
1016 1517 1165 1560 tamen
1195 1515 1242 1559 in
1270 1514 1536 1559 carminibus
1568 1514 1660 1559 suis
1690 1514 1806 1559 hanc

226 1585 359 1630 animi
399 1586 627 1631 tristitiam
666 1590 918 1644 aperturum
959 1600 1046 1632 nou
1079 1601 1201 1641 esse,
1243 1588 1344 1643 sed,
1385 1589 1434 1631 ut
1466 1589 1603 1632 antea
1643 1586 1721 1644 (of.
1752 1584 1804 1629 οὐ

226 1658 496 1714 παύσομαι),
543 1660 665 1704 laeta
712 1662 992 1705 cantaturum
1037 1673 1180 1716 neque
1227 1659 1526 1716 desperationi
1565 1672 1804 1704 cessurum.

225 1731 349 1793 Quae
381 1731 577 1776 earmina
608 1745 663 1776 ea
690 1745 861 1787 quoque
891 1745 940 1776 re
962 1733 1077 1787 quod
1097 1734 1256 1788 gratae
1276 1731 1585 1777 beneficiorum
1606 1744 1804 1776 remune-

224 1803 421 1847 rationes
464 1806 568 1848 sunt
608 1804 825 1849 laetitiam
856 1804 1033 1849 efficere
1065 1807 1252 1860 possunt
1291 1804 1346 1849 iis
1379 1804 1453 1859 qui
1482 1803 1698 1848 beneficia
1727 1803 1806 1847 illa

227 1873 442 1919 fecerunt.

227 1946 345 2001 Cyel.
378 1945 478 1992 581.
541 1947 727 2003 Cyclops
759 1948 906 1993 ebrius
937 1948 1143 2004 loquitur.

370 2016 396 2060 ὅ
429 2018 468 2061 δ’
503 2017 694 2076 ου’ρανός
724 2038 798 2074 μοι
832 2026 1203 2076 συμμεμειγμένος
1235 2020 1356 2063 δοκεῖ

369 2091 431 2153 τῇ,
454 2092 511 2153 γῇ
541 2094 776 2147 φέρεσθαι,
809 2094 890 2133 τοῦ
920 2092 1028 2142 Διός
1059 2108 1107 2133 τε
1137 2091 1219 2133 τὸν
1251 2092 1424 2148 θρόνον

369 2160 536 2204 λεύσσω
568 2161 620 2204 τὸ
656 2164 752 2205 πᾶν
783 2179 831 2205 τε
863 2162 1097 2219 δαιμόνων
1130 2161 1273 2217 ἁγνόν
1304 2164 1451 2214 σέβας.

375 2231 453 2276 οὐκ
484 2230 545 2277 ἄν
578 2234 832 2291 φιλήσαιμ”
866 2238 917 2278 αἱ
948 2235 1144 2293 Χάριτες
1177 2237 1366 2292 πειρῶσί
1391 2251 1457 2289 με.

370 2303 472 2358 ἅλις
505 2307 776 2364 Γανυμήδην
805 2307 931 2351 τόνδ’
965 2305 1079 2363 ἔχων
1114 2306 1442 2363 α’ναπαύσομαι

367 2377 601 2429 κάλλιστα,
634 2378 687 2436 νή
720 2378 803 2430 τοὶς
834 2380 1053 2437 Χάριτας.
1117 2376 1283 2436 ἥδομαι
1317 2378 1373 2421 δέ
1400 2395 1495 2429 πως

368 2460 458 2502 τοῖς
492 2450 739 2492 παιδικοῐσι
770 2450 944 2506 μᾶλλον
974 2448 1005 2508 ἢ
1034 2461 1124 2502 τοῖς
1156 2451 1358 2508 θήλεσιν.

224 2516 410 2576 Gratiae
442 2520 601 2578 quippe
632 2534 745 2576 quae
775 2521 976 2567 laetitiae
1008 2522 1119 2567 deae
1150 2522 1241 2567 sint
1271 2525 1463 2568 venusta
1494 2521 1638 2566 forma
1676 2536 1802 2578 prae-

199 2644 202 2647 *
224 2589 344 2636 ditae
375 2595 481 2637 sunt
505 2592 582 2651 (cf.
604 2593 787 2639 Gratias
809 2594 1080 2648 Homerieas‚
1112 2608 1153 2650 p.
1175 2593 1232 2639 49
1256 2592 1381 2651 sqq.)‚
1412 2595 1675 2651 praesertim
1706 2608 1803 2640 cum

223 2660 269 2705 iu
299 2657 545 2710 hominibus
588 2678 758 2722 quoque
790 2666 1109 2711 amabilitatem
1151 2666 1284 2711 animi
1320 2669 1367 2711 et
1397 2669 1677 2712 venustatem
1709 2679 1802 2711 cor-

221 2734 341 2787 poris
372 2739 540 2781 ourent.
602 2738 701 2794 Qua
731 2739 786 2783 de
818 2752 955 2784 causa
985 2739 1165 2795 Cyclopi
1206 2739 1326 2783 ebrio
1367 2739 1576 2794 imprimis
1617 2740 1803 2785 idoneae

222 2803 430 2851 videntur
461 2820 560 2853 esse
593 2822 705 2864 quae
727 2809 971 2867 morigerae
1003 2810 1088 2855 sibi
1109 2810 1225 2855 ultro
1248 2823 1297 2857 se
1318 2810 1507 2855 offerant
1526 2811 1804 2856 meretricum

1535 2891 1585 2930 5*
