2001 3296
860 239 1155 284 —38—

216 371 322 416 Eur.
353 372 450 427 Iph.
482 372 582 417 Aul.
613 370 724 416 565:
754 371 809 414 τό
840 389 888 414 τε
918 371 1006 430 γοέρ
1038 371 1274 415 αἰδεῖσθαι
1306 379 1455 428 σοφία,

359 443 448 487 τᾶν
479 444 518 486 τ’
550 442 918 493 ἐξαλλάσσουσαν
950 441 1041 499 ἔχει

360 516 509 574 χάριν,
541 513 636 558 ὑπο
667 515 850 570 γνώμας
880 514 1042 574 ἐσορᾶν

360 587 413 630 τό
448 587 562 637 δέον,
596 584 717 630 ἔνθα
751 586 869 636 δόξα
902 593 1023 646 φέρει

360 659 483 711 κλέος
515 656 743 717 οἷγήρατον
772 660 919 719 βιοτᾷ.

216 732 470 777 Subiectum
501 733 572 776 est
606 730 684 787 „vd
719 730 982 775 αἰδεῖσθαι“
1018 731 1178 789 (pudor
1209 734 1255 777 et
1285 732 1359 788 pia
1390 731 1699 790 verecundia);
1741 733 1796 778 de

215 804 300 849 hoc
341 803 577 847 αἰδεῖσθαι
619 803 730 848 duas
772 816 844 848 res
892 803 999 848 dicit
1043 806 1198 860 poeta:
1248 807 1318 849 est
1358 804 1579 861 sapientia
1625 810 1794 861 (σοφία,

217 889 277 920 sc.
309 875 448 925 ἐστίν)
490 877 536 919 et
567 876 703 920 habet
732 874 815 932 τήν
847 874 1234 926 ἐξαλλοίσσουσαν,
1244 877 1380 935 χάριν
1425 889 1600 933 „secum
1631 876 1721 921 fert
1751 876 1797 921 id

216 947 332 1003 quod
352 946 719 992 remunerationis
740 947 837 991 loco
859 945 1267 998 (ἐξαλλάσσουσαν)
1287 947 1504 993 laetitiam
1522 948 1691 1005 paret“‚
1711 948 1740 993 i.
1757 961 1795 994 e.

220 1021 383 1076 „habet
414 1019 581 1075 aliquid
611 1019 795 1075 praemii
818 1019 1166 1075 'laetificantis“;
1204 1033 1317 1075 quae
1348 1020 1408 1065 sit
1439 1021 1550 1066 haec
1580 1019 1793 1071 ἐξαλλάσ-

216 1107 352 1137 σουσα
384 1093 515 1152 χάρις
547 1106 627 1149 per
657 1092 977 1149 appositionem
1007 1091 1284 1149 significatur
1314 1092 1532 1140 infinitivo
1562 1091 1656 1138 ὑπὸ
1689 1093 1794 1148 γνώ-
1855 1088 1858 1091 ’
1899 1095 1902 1098 ’

213 1183 303 1220 μας
335 1165 497 1223 ἐσορᾶν
527 1165 579 1207 το
615 1165 717 1208 δέον
762 1167 839 1221 „ut
879 1165 1060 1209 consilio
1102 1168 1150 1209 et
1189 1165 1488 1222 intelligentia
1526 1166 1680 1211 videat
1717 1166 1796 1210 ali-

215 1237 313 1292 quis
356 1237 461 1292 quid
501 1236 651 1282 facere
684 1237 846 1282 debeat
888 1236 1100 1294 (officium
1132 1234 1290 1294 suum),
1331 1236 1406 1281 ubi
1437 1236 1542 1294 (quo
1573 1236 1619 1281 in
1651 1237 1796 1281 officio

216 1307 515 1364 exsequendo)
546 1308 669 1353 fama
698 1308 885 1364 gloriam
916 1321 1005 1352 non
1036 1310 1341 1353 senescentem
1371 1308 1494 1353 vitae
1525 1308 1696 1353 affert“.

335 1380 595 1434 Insequenti
640 1380 736 1424 loco
783 1380 1045 1425 vocabulum
1084 1379 1216 1437 χάρις
1263 1392 1361 1424 cum
1402 1380 1615 1425 vocabulo
1657 1377 1795 1437 ἡδονή

216 1451 496 1496 coniunctum
543 1453 635 1506 est3
680 1449 820 1508 ἡδονή
866 1451 1074 1507 voluptas
1121 1452 1213 1504 est,
1263 1451 1394 1509 χάρις
1440 1450 1529 1496 vim
1575 1450 1798 1507 significat

214 1522 532 1572 laetificantem
564 1536 696 1578 quam
726 1522 773 1567 in
804 1522 1001 1568 homines
1032 1523 1169 1568 habet
1199 1522 1428 1579 voluptas:

215 1596 330 1640 Plat.
363 1595 497 1651 Gorg.
529 1609 571 1650 p.
602 1594 690 1638 462
703 1595 747 1639 G.
811 1595 1019 1639 Socrates
1052 1597 1193 1639 artem
1233 1594 1471 1647 oratoriam
1512 1608 1597 1638 non
1637 1600 1797 1651 τέχνην

216 1666 296 1712 sed
326 1664 566 1725 ἐμπειρίαν
598 1678 698 1711 esse
729 1665 863 1722 dixit;
893 1668 987 1711 tum
1007 1666 1164 1711 Polus:
1195 1673 1313 1718 τινος
1334 1664 1570 1724 ἐμπειρια,·
1604 1689 1657 1697 -
1693 1668 1796 1708 ΞΩ.-

215 1739 402 1795 χοὶριτός
433 1754 551 1788 τινος
583 1744 660 1780 καὶ
691 1736 854 1794 ῆδονῆς
888 1736 1180 1795 οἷπεργασίας.
1215 1762 1275 1771 -
1306 1741 1419 1780 ΠΩ.·
1463 1736 1623 1780 ου’κοῦν
1654 1737 1797 1780 καλόν

217 1823 284 1851 σοι
318 1808 439 1852 δοκεῖ
467 1806 495 1866 ἤ
527 1807 729 1867 ῥητορική
763 1808 906 1860 εἶναι,
948 1809 1220 1867 χαρίζεσθαι
1265 1806 1362 1852 οἷόν
1392 1825 1440 1852 τε
1471 1807 1588 1852 εἶναι
1621 1806 1796 1867 οἷνθρω-

216 1899 345 1934 ποις,·
377 1906 434 1912 -
466 1875 638 1925 Deinde
660 1883 801 1925 artem
823 1880 1122 1935 coquinariam
1143 1880 1338 1925 eiusdem
1359 1880 1425 1925 rei
1455 1880 1659 1938 (χάριτός
1680 1897 1797 1932 τινος

215 1957 294 1995 καὶ
324 1950 488 2010 ἡδονῆς
521 1950 825 2010 ἀπεργασίας)
857 1951 1175 2008 experientiam
1206 1964 1306 1996 esse
1337 1951 1456 1996 dicit.

336 2093 663 2154 significationi
708 2095 775 2141 illi
819 2095 1056 2152 primariae
1102 2095 1308 2142 vocabuli
1352 2096 1482 2154 χάρις
1531 2095 1797 2143 adiectivum

215 2169 455 2225 respondet
504 2176 675 2227 χαρίεις
730 2168 827 2225 „eui
877 2169 1008 2227 χάρις
1060 2168 1220 2223 inest“,
1270 2167 1298 2213 i.
1337 2181 1375 2213 e.
1431 2168 1531 2224 „qui
1580 2168 1797 2214 laetitiam

216 2241 401 2298 parat“:
1752 2298 1756 2302 ι

218 2313 297 2358 Οᾱ.
329 2314 369 2368 3,
402 2313 482 2358 58:
515 2313 663 2372 αὕταρ
696 2312 835 2357 ἔπειτ’
870 2311 1044 2356 ἄλλοισι
1077 2313 1203 2356 δίδου
1233 2320 1477 2370 χαρίεσσαν
1510 2311 1707 2370 οἷμοιβῆν

362 2386 593 2441 σύμπασιν
624 2385 857 2429 Πυλίοισιν
890 2383 1156 2442 ἀγακλειτῆς
1188 2384 1454 2442 ἑκατόμβης.

219 2459 265 2501 et
295 2459 477 2502 verbum
506 2459 780 2516 χαρίζεσθαι
816 2456 1060 2513 „laetitiam
1091 2455 1279 2512 parare“
1317 2455 1612 2519 „laetificare“
1628 2474 1637 2501 :

220 2529 301 2574 Od.
333 2530 373 2584 8,
405 2528 515 2574 538:
545 2528 801 2587 Δημόδοκος
834 2528 872 2572 δ’
904 2526 989 2587 ῆδη
1023 2531 1224 2584 σχεθέτω
1258 2527 1481 2586 φόρμιγγα
1514 2527 1711 2583 λίγειαν·

364 2599 413 2644 οὐ
444 2602 531 2659 γάρ
564 2618 659 2653 πως
691 2601 908 2645 πάντεσσι
938 2600 1231 2659 χαριζόμενος
1261 2599 1363 2643 τάδ’
1395 2598 1551 2644 οἷείδει.

339 2740 561 2791 Interdum
581 2746 854 2805 χαρίζεσθαι
872 2746 927 2797 ει,
937 2744 1068 2803 χάρις
1089 2756 1169 2800 per
1188 2743 1559 2800 vituperationem
1579 2742 1797 2798 dicuntur,

219 2817 260 2863 si
281 2816 379 2873 quis
412 2817 554 2861 malae
583 2817 650 2862 rei
680 2817 809 2872 quasi
837 2816 1056 2874 laetitiam
1086 2818 1219 2872 parat
1250 2818 1384 2870 atque
1404 2815 1639 2870 indulgens
1660 2815 1798 2871 grati-
