2001 3296
879 198 1054 273 „⁷82
1115 253 1171 261 .-

232 356 346 400 diem
378 357 542 401 festum
574 357 775 413 egissent
805 359 852 403 in
884 360 1092 405 honorem
1124 359 1394 414 Gratiarum,
1424 370 1537 415 quas
1569 360 1815 406 effectrices

233 443 333 474 esse
400 429 705 486 intelligerent
762 432 1093 477 consuetudinis
1145 432 1363 477 humanae
1414 431 1814 488 gratificationibus

230 503 448 557 grataque
470 502 825 547 remuneratione
846 507 1055 550 servatae
1076 506 1123 548 et
1143 506 1316 560 auctae,
1347 505 1580 560 postquam
1600 504 1816 559 narravit,

217 569 532 618 ‘adnotationis
563 574 659 618 loco
682 574 737 619 de
757 575 927 633 Χάριτι
949 576 1125 621 Graeca
1154 575 1361 630 loquitur.
1414 575 1599 632 Ingenio
1620 576 1830 624 naturali?

230 647 277 688 et
328 657 463 689 sensu
515 645 705 700 quodam
756 646 933 702 optimo,
985 658 1113 702 quem
1164 646 1514 703 diligentissimis
1563 647 1815 692 litterarum

229 715 514 772 Graecarum,
554 717 765 774 imprimis
808 717 1003 775 Pindari,
1045 719 1205 765 studiis
1246 721 1545 776 comparatam
1585 732 1685 765 esse
1716 721 1813 765 tota

229 789 314 833 hac
345 789 714 835 commentatione
746 793 946 846 apparet,
976 791 1117 836 multa
1146 792 1269 836 recte
1300 791 1510 849 cognovit
1538 790 1623 846 vel,
1668 794 1719 836 ut
1748 791 1814 836 ita

228 861 386 915 dicam,
418 861 650 917 divinavit,
691 876 805 918 quae
836 863 920 909 hoc
951 864 1158 919 opusculo
1189 863 1454 908 testimoniis
1487 863 1812 909 confirmantur.

228 932 411 978 Gratias
452 947 540 978 non
573 935 712 979 solum
752 935 1006 981 venustatis
1048 935 1188 981 fuisse
1219 936 1341 990 deas,
1381 936 1463 981 sed
1502 936 1637 981 multo
1674 936 1811 981 latius

228 1007 434 1049 naturam
457 1019 607 1050 earum
634 1001 849 1062 patu1Sse,
870 1007 978 1052 deas
999 1007 1045 1051 in
1067 1008 1321 1055 universum
1342 1007 1544 1053 laetitiae
1565 1007 1811 1053 effectrices

227 1088 305 1120 eas
327 1075 469 1120 fuisse
490 1079 613 1121 recte
634 1077 816 1122 monuit.
878 1078 1031 1133 Neque
1051 1080 1203 1123 tamen
1224 1078 1282 1123 ad
1302 1077 1502 1135 singulas
1522 1092 1596 1123 res
1624 1079 1814 1125 accessit

226 1151 273 1191 et
310 1148 354 1192 in
388 1148 646 1193 Gratiarum
678 1152 842 1194 natura
871 1150 1210 1206 interpretanda
1240 1150 1386 1207 priore
1426 1150 1504 1195 illa
1542 1150 1812 1205 narratione,

226 1234 313 1275 qua
359 1221 414 1266 de
460 1221 631 1267 Gratiis
678 1236 821 1269 mores
867 1223 1091 1269 hominnm
1137 1223 1394 1269 curantibus
1439 1223 1634 1279 loquitur
1679 1223 1810 1280 (quas

226 1295 423 1349 appellat
466 1295 563 1349 „die
606 1295 831 1340 sittlichen
874 1294 1119 1353 Grazien“)
1133 1331 1143 1351 ,
1184 1296 1363 1340 nimium
1400 1298 1719 1351 commovetur,
1760 1299 1811 1340 ut

224 1366 341 1410 hanc
362 1379 514 1411 earum
535 1369 741 1412 naturam
763 1368 1001 1424 genuinam
1033 1371 1079 1413 et
1099 1367 1386 1424 principalem
1417 1381 1516 1413 esse
1537 1360 1761 1413 existimet
1773 1365 1809 1424 1)

225 1451 409 1493 eamque
451 1439 652 1484 omnibus
692 1439 802 1484 locis
843 1440 1089 1485 immiscere
1131 1442 1314 1484 conetur
1353 1440 1589 1485 notionem.
1651 1440 1809 1494 Itaque

225 1509 413 1555 Gratiae
434 1510 687 1556 venustatis
709 1511 833 1567 deae,
866 1525 980 1567 quae
1005 1511 1355 1569 gratificationes
1377 1513 1638 1569 gratamque
1668 1525 1808 1557 remu-

223 1582 499 1627 nerationem
540 1596 628 1627 non
670 1586 840 1638 curant,
883 1584 1010 1638 quasi
1051 1585 1324 1647 depravatae
1355 1583 1396 1628 ei
1437 1584 1645 1630 videntur
1676 1586 1809 1638 atque

223 1653 369 1699 otiosa
409 1656 681 1700 ornamenta.
744 1655 822 1700 Sin
855 1657 1003 1700 autem
1034 1655 1239 1702 vocabuli
1268 1655 1399 1714 χάρις
1441 1655 1807 1711 significationem

222 1725 509 1781 principalem
551 1727 933 1782 exemplorumque
977 1727 1147 1783 copiam
1190 1727 1532 1781 consideramus,
1577 1727 1695 1771 inter
1734 1740 1806 1771 res

221 1797 519 1843 laetificantes
551 1798 638 1843 non
669 1798 813 1844 minus
845 1799 1120 1845 numeranda
1150 1800 1221 1845 est
1250 1801 1466 1845 venustas
1498 1812 1628 1854 quam
1659 1798 1806 1856 gravi-

221 1882 320 1914 ores
351 1870 457 1915 illae
487 1871 692 1915 notiones
724 1883 834 1925 quas
866 1871 1037 1916 Gratiis
1080 1872 1173 1916 suis
1203 1871 1350 1916 inesse
1392 1871 1534 1917 voluit
1564 1871 1805 1916 Herderus.

341 2013 379 2060 1)
405 2013 573 2050 Senecae
606 2014 732 2049 locum
766 2024 787 2050 e
821 2014 1036 2061 Chrysippo
1073 2013 1203 2050 Stoico
1242 2014 1480 2060 desumptum
1503 2024 1625 2059 -quem
1658 2013 1807 2050 Herder

219 2073 345 2119 tangit
370 2073 436 2118 (de
460 2073 584 2110 benef.
601 2073 628 2118 I,
645 2074 681 2119 3,
697 2076 736 2119 4)
761 2074 800 2109 in
826 2074 901 2110 hoc
928 2075 1153 2120 opusculum
1182 2086 1260 2111 non
1277 2074 1416 2122 recepi,
1442 2074 1546 2120 quod
1563 2073 1682 2110 simile
1699 2073 1807 2119 quid-

218 2143 330 2178 quam
355 2133 402 2168 iis
428 2144 526 2178 quae
552 2134 703 2179 respexi
729 2134 965 2180 temporibus
991 2145 1068 2169 non
1094 2135 1297 2170 invenitur.
1339 2134 1544 2169 Praeterea
1568 2136 1671 2168 totus
1697 2133 1805 2168 locus

218 2191 333 2230 nimia
359 2192 583 2240 subtilitate,
609 2204 684 2241 qua
709 2205 785 2231 non
810 2194 926 2231 modo
953 2194 1170 2232 Gratiarum
1191 2194 1344 2232 habitus
1362 2193 1430 2231 sed
1448 2192 1561 2231 etiam
1578 2192 1805 2231 vestimenta

218 2265 239 2290 e
266 2253 613 2299 gratificationibus
640 2258 677 2290 et
703 2254 898 2291 beneficiis
924 2256 1175 2301 explicantur,
1202 2254 1391 2301 allegoria
1409 2254 1540 2290 Stoica
1555 2254 1683 2300 potins
1700 2254 1804 2290 vide-

217 2317 280 2349 tur
304 2323 390 2350 esse
415 2324 528 2360 quam
554 2314 809 2350 testimonium
827 2317 985 2352 naturae
1003 2325 1133 2352 earum
1152 2314 1276 2362 qualis
1293 2325 1317 2350 a
1334 2313 1493 2351 Graecis
1509 2313 1803 2360 intelligebatur.

216 2374 360 2411 Tamen
385 2374 665 2421 posterioribus
690 2374 767 2411 illis
792 2374 1030 2421 temporibus
1057 2375 1275 2412 Gratiarum
1300 2376 1437 2410 natura
1463 2384 1484 2410 e
1513 2371 1804 2420 gratificationis

217 2437 255 2469 et
279 2432 551 2469 beneficiorum
578 2433 798 2470 notionibus
823 2444 900 2470 non
926 2444 1016 2469 raro
1043 2434 1236 2481 explicata
1260 2433 1414 2469 videtur
1430 2443 1535 2480 esse3
1561 2433 1665 2480 quod
1681 2432 1803 2480 philo-

216 2493 424 2539 sophorum
449 2492 594 2528 factum
620 2492 706 2528 e'sse
731 2493 958 2530 auctoritate
987 2493 1193 2530 verisimile
1219 2495 1289 2529 est.
1329 2492 1513 2539 Exempla
1538 2495 1627 2529 sunt
1650 2495 1804 2539 praeter

215 2552 340 2588 locum
374 2552 479 2588 illum
512 2552 700 2588 Senecae:
733 2552 922 2599 Porphyr.
955 2552 1109 2595 Quaest.
1142 2552 1251 2590 Hom.
1276 2562 1314 2598 p.
1341 2552 1410 2589 195
1444 2552 1585 2599 (locum
1619 2551 1803 2598 exscripsi

214 2622 304 2658 pag.
329 2612 378 2648 50
411 2612 500 2649 adn.
528 2612 576 2656 2).
616 2610 776 2649 Aristot.
810 2611 896 2648 Etb.
930 2612 1077 2649 Nicom.
1109 2611 1141 2648 E
1175 2612 1198 2649 8
1235 2622 1273 2658 p.
1312 2612 1416 2649 1133.
1453 2610 1614 2649 Diodor.
1639 2610 1698 2655 V,
1744 2610 1802 2648 78.

214 2671 313 2708 Plut.
340 2671 435 2708 Mor.
461 2683 499 2718 p.
527 2671 596 2708 778
623 2670 713 2708 CD.
738 2670 914 2717 Fulgent.
941 2671 1060 2717 Myth.
1085 2670 1130 2715 11,
1158 2673 1172 2708 ³
1205 2673 1256 2717 (p.
1280 2670 1330 2708 40
1355 2671 1415 2707 ed.
1441 2664 1580 2716 Helm),
1638 2677 1642 2680 ’
