2001 3296
865 241 1163 287 ..35⁴-

336 372 488 431 Neque
516 373 636 431 apud
665 373 924 430 Sophoclem
955 374 1144 420 Gratiae
1173 374 1220 419 in
1250 374 1424 420 fabulis
1444 373 1574 419 nobis
1606 373 1801 419 servatis

218 446 516 501 inveniuntur,
546 446 627 492 sed
658 447 715 491 ab
745 446 970 525 Hesyehio
1000 447 1113 492 haec
1143 459 1170 492 e
1200 446 1390 504 Sisypho
1421 445 1578 492 fabula
1607 444 1805 491 citantur

218 519 380 570 verba·

362 594 576 650 Χαρίτων
604 590 822 649 τριζύνων
853 590 929 650 (fr.
959 589 1083 649 502).

218 676 326 721 Cum
345 674 455 720 nihil
474 674 562 735 nisi
581 675 693 721 haec
712 675 852 721 verba
872 675 1077 731 nitentur,
1107 675 1163 721 de
1182 677 1345 721 natura
1364 676 1518 721 harum
1546 674 1804 721 Gratiarum

217 746 328 793 nihil
358 746 560 793 concludi
588 749 749 804 potest.
809 747 922 794 Nam
951 750 1004 794 ut
1032 747 1203 794 Bobert
1231 750 1325 793 tres
1355 759 1457 794 esse
1475 746 1663 794 Gratias
1682 747 1801 792 Atti-

219 832 296 865 cas
326 820 448 864 reete
479 819 735 875 ostenderit,
776 820 860 866 hoo
898 820 996 866 loeo
1037 821 1184 866 utrum
1222 819 1409 865 Gratiae
1448 819 1701 878 Hesiodeae
1743 831 1801 864 an

216 889 402 936 Roberti
432 890 618 936 Gratiae
647 891 827 937 Atticae
856 891 949 937 sint
979 891 1211 937 diiudicari
1241 904 1330 936 non
1359 893 1522 948 potest.

333 976 540 1021 Ceterum
571 975 703 1021 simili
731 975 905 1022 ratione
937 977 1071 1032 atque
1102 976 1219 1033 apud
1239 975 1509 1033 Aeschylum
1538 974 1672 1033 longe
1701 973 1799 1031 plu·

215 1046 338 1093 rimis
365 1046 476 1093 loeis
505 1047 635 1106 χάρις
666 1046 833 1094 factum
861 1047 1112 1094 laetifieans
1152 1048 1226 1094 vel
1266 1049 1591 1094 remuneratum
1630 1045 1800 1093 factum

214 1118 465 1165 laetificans
497 1118 731 1177 significat,
762 1132 849 1166 non
879 1121 1175 1167 venustatem.

336 1273 463 1332 Apud
493 1274 746 1331 Euripidem
778 1282 929 1321 omnes
960 1276 1064 1322 tere.
1090 1276 1377 1322 inveniuntur
1415 1276 1623 1322 vocabuli
1662 1276 1799 1333 signi-

214 1347 444 1393 ficationes
476 1347 530 1392 de
560 1346 718 1403 quibus
748 1347 893 1405 priore
916 1347 1073 1404 'eapite
1103 1347 1284 1406 egimus.

336 1430 522 1476 Gratiae
553 1443 723 1486 quoque
753 1421 865 1476 deae
896 1431 1075 1488 saepius
1104 1431 1404 1478 inveniuntur.
1455 1432 1651 1488 Quarum
1681 1432 1799 1487 prin·

216 1502 400 1565 cipalem
431 1505 638 1548 naturam
666 1501 902 1559 Euripides
932 1502 1068 1559 plena
1095 1502 1142 1549 vi
1171 1502 1448 1549 intellexisse
1477 1502 1677 1550 videturz
1708 1515 1799 1549 non

215 1574 455 1632 singularis
477 1577 612 1631 atque
632 1577 783 1621 certae
802 1575 869 1621 rei
887 1574 1175 1621 laetificantis
1196 1575 1307 1622 <leae
1328 1575 1370 1620 ei
1389 1577 1508 1630 sunt,
1537 1577 1589 1621 ut
1608 1575 1800 1621 Homero

206 1641 284 1702 et,
335 1660 471 1703 saepe
521 1646 716 1702 quidem,
766 1646 960 1711 Pindaro
1006 1646 1255 1703 ceterisque
1299 1647 1444 1704 poetis
1494 1647 1669 1705 lyricis,
1719 1648 1800 1694 sed

214 1714 388 1764 omnino
419 1719 530 1764 deae
559 1718 773 1772 laetitiae,
805 1719 916 1765 deae
944 1719 992 1764 in
1021 1718 1277 1765 universum
1306 1718 1656 1765 laeflfieatfiees:

214 1790 314 1836 Hel.
351 1789 480 1836 1341.
542 1790 709 1835 Chorus
756 1791 810 1836 de
855 1791 1050 1847 Magnae
1095 1790 1255 1846 Matris
1299 1791 1441 1840 luctu,
1467 1791 1643 1836 loeutus
1689 1794 1801 1846 erat,

215 1874 329 1918 quae
358 1862 625 1919 Proserpina
664 1861 757 1907 filia
795 1864 929 1919 rapta
968 1862 1124 1919 ftuges
1165 1863 1430 1918 ceterasque
1468 1875 1542 1908 res
1582 1875 1671 1908 non
1710 1862 1801 1908 iam

212 1933 381 1991 largita
411 1927 483 1979 est
511 1933 780 1994 hominibus:

357 2017 457 2062 ἐπεὶ
489 2018 529 2062 δ’
563 2015 726 2062 gnava*
755 2018 998 2070 εἰλαπίνας

357 2093 484 2142 θεοῖς
513 2092 696 2149 βροτείῳ
727 2107 776 2134 τε
804 2097 938 2145 γένει,

356 2161 471 2215 Ζειὶς
500 2162 738 2220 μειλίσσων
768 2168 967 2217 στυγίους

356 2233 550 2293 Ματρὸς
583 2233 721 2295 ὄργας
750 2233 925 2278 ἐνέπει·

356 2307 485 2358 βᾶτε,
517 2311 676 2364 σεμναῖ
708 2305 917 2365 Χάριτες,

355 2379 434 2429 ἴτε,
465 2380 525 2438 τᾷ
555 2383 657 2437 περὶ
689 2381 911 2437 παρθένῳ

357 2453 470 2508 Δηοῖ
497 2453 811 2509 θυμωσαμένᾳ

356 2521 513 2567 λύπαν
543 2520 820 2573 ἐξαλλάξατ’
852 2519 990 2573 ἆλαν)

356 2595 552 2638 Μοῦσαί
577 2597 632 2638 θ’
660 2590 839 2650 υμνοισι
869 2596 1025 2652 χορῶν.

212 2674 511 2724 Pulcherrima
559 2662 685 2735 ipsas
734 2676 932 2733 Gratias,
990 2676 1194 2725 laetitiae
1245 2678 1366 2735 deas,
1417 2681 1599 2736 praeter
1647 2682 1800 2730 uetera

213 2746 393 2794 numina
422 2772 481 2781 -—
511 2762 616 2796 nam
646 2749 764 2797 aliae
794 2750 905 2796 (leae
924 2752 1084 2807 postea
1101 2751 1462 2801 nominantur—
1484 2765 1514 2797 a
1526 2751 1641 2799 Iove
1664 2754 1800 2809 poeta

213 2820 370 2864 narrat
413 2820 574 2867 missas
620 2834 735 2879 esse,
779 2824 831 2868 ut
879 2822 1057 2869 laetitia
1100 2822 1335 2869 afficerent
1382 2824 1608 2881 lugentem
1659 2824 1799 2870 deam.
1834 2858 1838 2864 .

1505 2907 1529 2944 5
