2001 3296
783 280 1153 350 q—24-

215 414 345 472 χάρις
368 414 585 470 quaedam
616 413 862 468 comitatur,
893 416 1061 459 rectam
1087 414 1234 459 autem
1253 413 1469 459 rationem
1491 415 1537 458 et
1557 413 1795 460 utilitatem

156 542 163 551 .
217 485 358 548 efficit
387 486 566 531 veritas.
629 485 841 535 Similiter
870 485 916 530 in
948 486 1118 530 artibus
1159 484 1467 530 imitatricibus
1503 486 1632 542 χάρις
1664 497 1794 540 quae-

216 556 331 613 dam,
374 571 486 613 quae
518 559 567 602 ut
608 569 753 602 comes
794 557 1030 603 comitatur
1071 558 1223 612 artem,
1264 556 1388 602 nosci
1428 557 1587 612 potest,
1624 558 1794 601 ‘rectam

192 626 366 691 'autem
412 628 627 673 rationem
674 628 924 682 aequalitas
967 628 1105 672 efficit
1151 628 1415 682 quantitatis
1460 630 1507 671 et
1553 624 1794 682 qualitatis.

216 693 376 757 ltaque
407 701 492 746 hae
522 713 595 745 res
627 699 906 756 salubritate,
948 699 1151 754 veritate,
1194 699 1478 756 aequalitate,
1520 699 1592 746 vel
1622 698 1800 744 omnino·

217 773 412 816 utilitate
447 772 762 826 ponderandae
804 778 920 824 sunt,
961 785 1049 816 non
1090 773 1320 826 voluptate
1349 770 1542 835 (ἡδονῇ),
1586 774 1718 825 atque
1749 771 1795 815 id

217 843 343 889 modo
364 843 594 900 voluptate
626 842 957 899 ponderandum
988 845 1059 888 est
1080 843 1195 899 quod
1225 843 1336 888 haec
1367 841 1604 888 delectatio
1625 843 1796 901 (χάρις)

218 928 305 960 non
336 915 475 960 solum
508 914 745 959 comitatur
775 918 825 959 ut
854 915 955 958 illas
996 928 1082 969 res,
1124 915 1203 959 sed
1244 915 1368 959 cuius
1408 915 1504 970 ipse
1545 914 1644 958 finis
1685 916 1797 959 haec

218 987 456 1033 delectatio
498 989 581 1033 est.
652 987 878 1032 Vocabulo
917 987 1058 1045 χάρις,
1101 1000 1362 1043 quamquam
1403 986 1614 1043 principio
1656 986 1796 1032 omnis

216 1061 288 1103 est
328 1059 580 1113 delectatio,
621 1059 858 1115 praecipue
896 1072 993 1104 eam
1034 1059 1258 1115 significat
1288 1059 1418 1103 Plato
1459 1058 1795 1103 delectationem

215 1143 329 1188 quae
359 1132 410 1176 ut
440 1144 586 1176 comes
617 1130 852 1176 comitatur
881 1130 1131 1185 utilitatem,
1162 1129 1398 1176 veritatem
1430 1129 1629 1186 aliasque
1650 1142 1794 1175 rerum

214 1203 418 1248 virtutes.
472 1228 478 1236 ‹

335 1299 423 1344 Sed
455 1300 570 1344 hunc
599 1300 742 1344 locum
773 1299 946 1344 Graece
979 1299 1223 1344 afferimus:

216 1384 329 1427 ΑΘ;
364 1381 523 1426 οὐκοῦν
557 1385 732 1442 πρῶτον
761 1385 845 1438 μὲν
877 1382 948 1426 δεῖ
975 1382 1081 1426 τόδε
1111 1400 1160 1437 γε
1192 1381 1415 1442 ὑπάρχειν
1447 1379 1636 1433 ἅπασιν,
1676 1379 1794 1434 ἷίσοις

216 1460 565 1511 συμπαρέπεταί
591 1472 656 1506 τις
688 1455 830 1512 χάρις,
861 1452 893 1511 ἢ
923 1457 1054 1497 τοῦτο
1085 1453 1199 1498 αὐτὸ
1232 1456 1373 1509 μόνον
1406 1452 1549 1497 αὐτοῦ
1577 1453 1629 1496 τό
1665 1444 1793 1497 σπου-

216 1524 463 1568 δαιότατον
494 1525 612 1568 εἶναι
644 1522 675 1583 ἦ
704 1541 808 1568 τινα
843 1523 1077 1583 ὀρθότητα
1111 1523 1142 1583 ἢ
1169 1526 1220 1568 τὸ
1254 1533 1400 1583 τρίτον
1437 1523 1660 1580 nivel-lam
1703 1523 1794 1567 οἷον

216 1597 269 1655 δὴ
293 1597 406 1651 λέγω
440 1596 587 1661 ἐδωδῇ
605 1600 690 1652 μὲν
711 1602 789 1640 καὶ
822 1597 953 1640 πόσει
985 1603 1063 1640 καὶ
1097 1597 1304 1661 ξυμπάσῃ
1336 1599 1476 1661 τροφῇ
1498 1600 1793 1656 παρέπεσθαι

214 1672 297 1724 μὲν
327 1669 410 1726 τήν
441 1670 589 1726 χάριν,
621 1667 679 1726 ἣν
709 1667 878 1726 ἡδονήν
913 1666 972 1712 ἂν
1005 1677 1339 1727 προσείποιμεν·
1371 1669 1454 1726 τήν
1484 1668 1535 1712 δὲ
1558 1663 1793 1727 ὀρθότητά

215 1758 262 1783 τε
301 1747 379 1784 καὶ
421 1740 620 1797 ὠφελίαν
669 1738 781 1799 ὅπερ
821 1739 1021 1795 ὑγιεινόν
1067 1743 1157 1785 τῶν
1204 1747 1570 1800 προσφερομένων
1611 1741 1794 1796 λέγομεν

216 1814 424 1856 ἑκάστοτε
454 1816 575 1857 τοῦτ’
597 1811 711 1857 αὐτό
736 1813 854 1857 εἶναι
886 1812 935 1857 ἐν
958 1811 1110 1865 αὐτοῖς
1142 1819 1219 1857 καὶ
1239 1813 1291 1856 τό
1317 1811 1579 1857 οἷποτελοῦν.
1605 1838 1661 1846 -
1685 1817 1770 1856 ΚΛ
1783 1832 1794 1856 .-

167 1905 172 1910 ·
218 1886 341 1930 πάνυ
371 1888 454 1941 μὲν
487 1879 579 1930 οὖν.

336 1993 467 2038 Hunc
497 1993 640 2038 locum
682 2005 768 2037 non
811 1993 921 2037 adeo
964 1993 1140 2038 facilem
1183 1993 1413 2037 intellectu
1457 1995 1503 2037 et
1544 1995 1795 2048 corruptum

217 2065 301 2109 hoc
332 2065 457 2109 modo
489 2064 776 2121 interpretari
817 2067 864 2109 et
904 2064 1140 2110 emendare
1182 2067 1367 2110 conatus
1410 2078 1527 2110 sum:
1578 2063 1794 2120 „Primum

216 2135 352 2192 igitur
392 2136 438 2180 in
479 2137 679 2181 omnibus
710 2136 766 2181 iis
797 2137 929 2181 rebus
973 2149 1082 2191 quas
1126 2138 1362 2181 comitatur
1387 2125 1628 2181 'delectatio
1660 2149 1794 2191 quae-

217 2207 317 2252 dam
348 2208 458 2251 haec
488 2207 603 2271 ratio
634 2208 911 2253 intercedere
942 2208 1087 2262 debet,
1118 2211 1168 2252 ut
1199 2210 1277 2252 aut
1307 2209 1418 2252 haec
1438 2208 1537 2263 ipsa
1557 2208 1794 2253 delectatio

216 2276 352 2328 (αὐτὸ
386 2281 534 2329 τοῦτο)
564 2279 611 2324 in
642 2293 697 2324 ea
727 2293 777 2324 re
807 2278 971 2338 (αὐτοῦ
1003 2283 1129 2324 certa
1168 2293 1241 2324 res
1273 2282 1344 2324 est
1374 2292 1488 2334 quae
1519 2279 1577 2324 ad
1603 2275 1792 2325 ἅπαντα

218 2346 338 2401 ὅσοις
370 2356 715 2408 συμπαρέπεταί
740 2367 807 2403 τις
838 2351 967 2409 χάρις
1004 2350 1217 2407 pertinet)
1250 2349 1559 2408 gravissimum
1600 2350 1674 2405 sit,
1716 2354 1795 2396 aut

214 2424 346 2467 recta
382 2422 510 2474 ratio,
557 2425 635 2467 aut
679 2423 857 2468 tertium
899 2422 1084 2468 utilitas.
1162 2422 1233 2481 (In
1275 2422 1525 2478 insequenti
1571 2423 1795 2469 sententia

214 2492 458 2538 infinitivus
505 2493 580 2547 qui
624 2494 740 2549 apud
764 2495 1015 2539 ‘Platonem
1056 2495 1192 2539 verbo
1239 2494 1351 2548 λέγω
1398 2496 1613 2551 reguntur
1657 2487 1793 2540 verbo

212 2564 339 2610 finito
371 2564 477 2609 mihi
508 2564 643 2609 liceat
673 2567 860 2620 vertere,
900 2568 951 2611 ut
990 2566 1133 2623 magis
1163 2565 1398 2622 perspicua
1428 2566 1507 2611 fiat
1537 2565 1794 2624 sententia).

213 2637 349 2682 Velut
380 2635 524 2682 cibum
557 2638 604 2681 et
633 2636 852 2693 potionem
878 2638 1107 2693 omniaque
1129 2638 1302 2683 omnino
1324 2637 1537 2683 alimenta
1558 2637 1793 2683 delectatio

213 2709 443 2765 quaedam,
476 2721 607 2768 quam
638 2707 911 2764 voluptatem
940 2709 1167 2755 nominare
1197 2722 1442 2767 possumne,
1479 2709 1714 2754 comitatur
1743 2712 1794 2755 ut

214 2795 372 2837 comes,
402 2784 572 2827 rectam
604 2782 753 2826 autem
777 2781 993 2826 rationem
1015 2781 1116 2839 (τήν
1138 2782 1190 2825 δὲ
1211 2780 1466 2840 ὀρθότητα)
1487 2784 1535 2826 et
1554 2781 1793 2827 utilitatem

212 2851 318 2912 <non
351 2856 462 2900 haec
494 2852 746 2906 delectatio,
778 2849 876 2911 sed>
905 2852 950 2897 id
980 2852 1123 2909 ipsum
1144 2852 1303 2911 «τοῦτ’
1325 2851 1462 2904 αὐτό)
1484 2853 1599 2908 quod
1620 2866 1793 2911 semper
