2001 3296
848 216 1141 264 ,68-

199 363 319 395 more
370 349 449 409 (cf.
480 362 637 395 nomen
675 348 872 409 Χάριτες
919 363 1018 396 eum
1063 351 1279 398 vocabulo
1325 324 1478 397 nostro
1528 351 1781 408 „Frontian-

198 421 480 481 madeheffl).
541 422 718 467 Inculto
752 424 889 479 atque
920 424 1111 470 barbaro
1153 426 1198 470 et
1229 423 1410 481 Oyelopi
1441 426 1489 470 et
1518 424 1641 470 ebrio
1672 425 1786 471 haee

196 496 456 541 Gratiarum
501 494 814 550 interpretatio
827 529 838 549 ,
885 508 999 550 quae
1046 496 1320 560 voluptatem
1364 498 1538 541 tantum
1585 496 1781 552 eorporis
1851 551 1854 553 ,

195 566 422 623 respiciat,
453 566 756 612 condonanda.

317 720 444 777 Apud
485 721 829 777 Aristophanem
867 731 1039 777 quoque
1079 735 1231 767 omnes
1271 722 1367 767 fere
1407 722 1612 772 vocabuli
1650 722 1781 781 χάρις

196 796 470 849 usurpantur
511 792 882 850 significationes,
934 793 1139 838 similiter
1179 795 1313 849 atque
1355 794 1474 851 apud
1512 794 1781 851 Euripidem.

195 865 429 911 Adiectivo
461 872 645 925 χαρίεις,
672 865 789 922 quod
810 865 928 923 apud
948 868 1105 923 poetas
1126 866 1323 923 tragieos
1353 866 1625 913 rarissimum
1647 869 1718 912 est
1730 865 1780 924 ¹),

196 937 521 994 Aristophanes
554 951 689 994 saepe
720 938 874 984 utitur.

316 1021 585 1076 Saepissime
642 1022 760 1078 apud
815 1016 914 1067 eum
959 1022 1246 1068 inveniuntur
1290 1022 1489 1067 Gratiae.
1574 1021 1780 1067 Plurimis

193 1093 304 1138 loeis
337 1107 392 1139 ea
424 1094 603 1139 numina
634 1097 740 1140 sunt
771 1108 886 1150 quae
909 1094 1047 1155 vitam
1067 1095 1304 1152 humanam
1325 1096 1544 1140 exornant
1562 1094 1799 1141 laetitiam.

195 1166 446 1211 afferentes.
508 1167 655 1222 Atque
703 1167 821 1223 apud
867 1179 966 1212 eum
1012 1168 1189 1223 poetam
1235 1166 1310 1222 qui
1354 1167 1425 1211 tot
1468 1165 1579 1211 loeis
1625 1178 1780 1222 pacem

194 1238 419 1283 desideret
461 1242 508 1282 et
548 1252 605 1283 ex
645 1252 756 1294 paee
798 1239 944 1283 omnia
984 1239 1102 1283 bona
1145 1241 1193 1283 et
1231 1238 1355 1283 laeta
1399 1238 1638 1294 adepturos
1679 1243 1779 1283 esse

193 1309 315 1354 cives
347 1322 451 1354 suos
484 1312 635 1366 speret
665 1309 867 1355 laetitiae
899 1310 1006 1355 deas
1039 1309 1218 1365 saepius
1250 1321 1346 1354 eum
1375 1309 1500 1366 paeis
1530 1308 1780 1354 numinibus

194 1381 405 1437 coniungi
436 1384 781 1426 consentaneum
814 1384 906 1427 est:

196 1454 302 1498 Aah.
334 1451 446 1498 989:
489 1447 526 1496 οῗ
558 1453 756 1513 Κύπριδι
788 1456 844 1518 τῇ
875 1454 993 1518 καλῇ
1020 1459 1111 1496 ’καῖ
1143 1454 1312 1512 Χάρισι
1353 1463 1454 1505 ταῖς
1496 1453 1648 1510 φίλαις
1682 1452 1777 1503 ξύν-

1363 1542 1495 1584 τροφε
1525 1524 1775 1583 Διαλλαγή,

336 1591 394 1650 οἷς
426 1597 570 1642 καλόν
604 1595 763 1654 ἔχουσα
796 1597 849 1640 τὸ
884 1597 1129 1656 πρόσωπον
1162 1595 1236 1656 ἄρ’
1267 1597 1538 1649 ἐλάνθανες.

190 1671 295 1716 Pae.
327 1670 428 1715 456.
489 1672 721 1726 Trygaeus
763 1682 842 1724 pro
883 1670 1001 1714 Pace
1042 1669 1275 1713 liberanda
1310 1671 1357 1712 et
1394 1670 1451 1713 ad
1482 1668 1678 1713 homines
1709 1681 1777 1712 re-

193 1741 395 1786 ducenda
425 1741 495 1785 his
527 1740 778 1785 numinibus
809 1742 917 1785 vota
948 1740 1044 1785 fieri
1074 1740 1218 1784 iubet:
1376 1801 1378 1803 r

335 1811 527 1876 ‘E'9p3‘1‘2),
558 1812 770 1872 Χάρισιν,
790 1810 1012 1872 meamus,
1045 1811 1292 1877 Ἀφροδίτῃ,
1324 1813 1486 1871 Πόθῳ.

191 1885 247 1930 ef.
278 1886 438 1930 schol.:
481 1885 665 1936 δικαίως
708 1885 927 1943 προέταξε
967 1884 1049 1928 τόν
1081 1882 1236 1943 Ἑρμῆν
1280 1882 1338 1936 οἷς
1380 1886 1525 1928 αἴτιον
1556 1886 1634 1942 τῆς
1667 1882 1775 1927 ἄνα-

188 1959 334 2015 γωγῆς
377 1960 456 2015 τῆς
487 1957 690 2016 Εἰρήνης.
756 1963 834 2000 καὶ
874 1957 1111 2014 τῶνηὲξῆς
1155 1956 1206 2000 δὲ
1247 1956 1428 2007 εἰκότως
1469 1951 1673 2014 ἐμνήσθη
1717 1954 1776 2007 οἷς

189 2027 419 2087 ἅρμοδίων
451 2027 571 2093 αὐτῇ
585 2042 592 2050 ·
634 2029 685 2072 ἐν
705 2028 793 2087 γάρ
824 2031 880 2093 τῇ
900 2028 1049 2092 εἰρήνῃ
1082 2028 1253 2071 τούτων
1286 2026 1568 2071 οἷπολαύουσι
1591 2027 1772 2079 πάντες.

190 2103 273 2147 Av.
307 2100 435 2146 1320.
498 2102 667 2147 Chorus
698 2102 852 2146 urbem
883 2101 1030 2147 avium
1062 2100 1188 2145 modo
1221 2100 1442 2145 conditam
1471 2100 1647 2145 laudat:

331 2180 380 2215 τί
405 2172 493 2231 γαρ
527 2171 606 2216 οὐκ
638 2171 687 2216 ἐν
718 2173 859 2235 ταύτῃ

332 2245 477 2289 καλὸν
510 2243 644 2304 ἄνδρῐ
674 2255 893 2301 μετοικεῖν
903 2265 918 2298 ,-

333 2321 493 2374 Σοφία,
524 2318 700 2369 Πόθος,
734 2315 986 2376 ἀμβρόσιαι
1017 2316 1213 2375 Χάριτες

331 2390 385 2432 τό
416 2406 464 2433 τε
494 2391 573 2449 τῆς
605 2387 917 2449 α’γανόφρονος
948 2386 1153 2444 Ἡσυχίας

331 2459 553 2520 εὐάμερον
585 2462 843 2519 πρόσωπον.

186 2532 374 2578 Gratiae
405 2546 495 2578 una
528 2546 624 2578 eum
657 2532 817 2591 Quiete
848 2531 1037 2589 aliisque
1069 2531 1238 2577 deabus
1269 2530 1552 2577 nominantur
1581 2543 1694 2587 quae
1729 2530 1775 2576 in

186 2605 350 2660 quietis
381 2607 554 2650 tantum
586 2607 720 2651 rebus
751 2607 1002 2651 versantur.

308 2746 346 2794 1)
372 2746 421 2783 of.
445 2758 536 2793 pag.
563 2748 620 2784 64.

307 2806 347 2852 2)
373 2804 422 2843 ef.
447 2816 539 2853 pag.
564 2806 610 2842 36
636 2806 725 2845 adn.
