2001 3296
865 244 1159 290 ...19-

368 379 434 425 ἔνι
465 380 655 440 θράσος,
688 377 755 423 ἔνι
788 378 839 422 δὲ
870 376 1024 433 σοφόν,
1058 374 1124 421 ἔνι
1157 376 1208 421 δὲ
1238 377 1476 434 φιλόπολις

366 452 502 512 α’ρετή
535 452 762 511 φρόνιμος.

148 516 163 525 ’
223 525 320 569 Hoe
348 525 444 570 loeo
464 524 596 582 χάρις
628 523 746 567 inter
774 522 1008 567 nonnullas
1028 522 1217 567 virtutes
1245 525 1538 568 enumeratur.
1590 522 1679 567 Sed
1700 536 1797 567 eum

222 598 397 642 ceterae
428 608 540 652 quae
571 596 612 640 h.
633 595 662 640 1.
683 596 996 639 enumerantur
1024 593 1212 640 virtutes
1243 594 1570 641 intransitivam
1601 595 1795 639 babeant

221 669 310 714 vim
349 681 490 723 neque
529 667 575 710 in
618 666 728 710 alios
768 666 1042 721 pertineant,
1087 666 1255 711 notioni
1293 667 1424 725 χάρις
1437 702 1450 717 ,
1492 670 1542 711 ut
1583 667 1795 722 exemplis

222 743 355 796 atque
406 739 574 796 origine
634 737 837 784 vocabuli
892 738 1197 795 eognovimuS,
1256 738 1496 786 transitiva
1545 739 1615 785 vis
1666 739 1796 784 inest.

223 811 470 868 Singularis
502 810 673 865 quidem
705 810 821 855 aetio
852 823 940 855 non
970 813 1062 865 est,
1108 810 1187 855 sed
1226 811 1335 871 ipsis
1374 811 1529 856 talium
1567 811 1795 856 mulierum

222 883 375 939 quales
406 883 564 927 chorus
596 881 807 927 describit
837 882 1028 927 moribus
1060 883 1169 928 haee
1188 882 1319 941 χάρις
1351 882 1499 929 inesse
1530 883 1675 938 debet,
1706 883 1734 928 i.
1755 896 1793 928 e.

220 967 362 1000 mores
408 967 560 1000 earum
603 955 743 1012 tales⁸
766 954 929 999 debent
974 963 1095 1009 esse,
1140 957 1191 999 ut
1231 955 1341 999 alios
1381 955 1578 1001 homines
1617 955 1795 1001 laetitia

221 1026 431 1071 afficiant.
491 1026 630 1087 Reete
660 1025 776 1071 verti
806 1038 893 1070 non
925 1028 1094 1081 potest3
1134 1038 1270 1081 prope
1311 1026 1484 1070 aceedit
1513 1027 1570 1071 ad
1600 1027 1646 1071 id
1676 1028 1791 1082 quod

220 1097 451 1143 amabilem
482 1098 671 1143 animum
701 1110 931 1152 vocamus,
972 1097 1043 1142 cui
1071 1099 1220 1143 tamen
1256 1096 1425 1142 notioni
1454 1098 1694 1145 transitiva
1722 1098 1792 1145 vis

219 1169 308 1214 'non
336 1169 476 1225 inest;
508 1170 707 1215 amabilis
739 1169 908 1215 animus
940 1169 1100 1227 dignus
1132 1172 1203 1214 est
1233 1169 1307 1225 qui
1332 1172 1532 1215 ametur
1562 1170 1793 1229 (passive),

218 1242 349 1300 χάρις
382 1255 437 1287 ea
466 1242 608 1287 virtus
640 1245 710 1287 est
740 1254 852 1297 quae
883 1241 994 1286 alios
1024 1241 1199 1287 laetitia
1229 1241 1368 1287 afficit
1399 1241 1600 1300 (active).

339 1326 462 1382 Quae
503 1326 646 1372 virtus
687 1338 774 1389 non
815 1325 941 1371 modo
983 1326 1116 1385 animi
1156 1328 1245 1379 est,
1285 1326 1365 1371 sed
1406 1326 1539 1372 etiam
1575 1328 1792 1383 eorporis3

218 1399 471 1455 plerumque
503 1399 560 1444 ad
590 1400 821 1454 utrumque
853 1398 1067 1455 pertinet:

217 1485 269 1529 Il.
303 1484 371 1539 ll,
402 1484 512 1529 243:
548 1477 606 1535 οἷς
640 1482 666 1526 ό
695 1487 778 1539 μὲν
810 1477 930 1526 αὖθι
962 1484 1109 1528 πεσών
1141 1484 1381 1541 κοιμήσατο
1411 1483 1601 1538 χάλκεον
1629 1480 1790 1533 ὕπνον,

364 1556 545 1616 οἰκτρός,
580 1553 676 1600 οἷπὸ
708 1557 901 1614 μνηστῆς
933 1553 1116 1612 οἷλόχον,
1150 1553 1349 1599 οἷστοῖσιν
1381 1552 1574 1614 οἷρήγων,

360 1628 592 1686 κουριδύης,
623 1621 675 1685 ἧς
708 1625 760 1671 οὔ
789 1645 831 1670 τι
863 1629 997 1685 χάριν
1027 1628 1110 1677 ἴδε,
1143 1628 1290 1670 πολλοὶ
1324 1625 1365 1670 δ’
1397 1625 1575 1671 ἔδωκεν.

217 1713 412 1768 Theogn.
444 1710 582 1756 1319:
614 1704 651 1753 οῗ
682 1721 782 1761 παῖ,
814 1709 919 1754 ἐπεί
944 1728 1011 1754 τοι
1043 1710 1156 1754 δῶκε
1187 1710 1279 1753 θεοὶ
1312 1711 1446 1769 χάριν
1477 1710 1740 1768 ἱμερόεσσαν

360 1784 546 1842 Κύπρις,
579 1782 661 1826 σόν
693 1782 734 1825 δ’
765 1782 880 1834 εἶδος
912 1785 1026 1825 πᾶσι
1057 1788 1193 1826 νέοισι
1223 1782 1361 1837 μέλει,

359 1856 491 1900 τῶνδ’
521 1854 771 1899 ἐπάκουσον
802 1854 925 1899 ἐπῶν
956 1860 1034 1898 καὶ
1064 1854 1176 1913 ὲμκῆν
1206 1855 1340 1913 χάριν
1354 1852 1390 1909 1)
1422 1851 1559 1897 ἔνθεο
1589 1856 1725 1913 θυμῷ

358 1927 489 1981 γνούς
521 1925 615 1985 ἔρος
646 1925 940 1981 αἳς.χαλεπὸν
969 1934 1142 1980 γίνεται
1175 1925 1307 1983 α’νὸρῐ
1340 1932 1499 1983 φέρειν.

188 2023 190 2025 “
215 2012 322 2057 Eur.
344 2012 443 2057 Hel.
466 2009 604 2056 1420:
639 2012 719 2054 ΘΕ
728 2029 737 2056 :
769 2009 828 2067 μή
862 2012 946 2054 νῦν
975 2006 1095 2064 ἄγαν
1117 2009 1199 2053 σόν
1221 2009 1434 2067 δάκρυσιν
1454 2007 1636 2073 ἐκτήξῃς
1656 2010 1786 2067 χρόα.

357 2087 463 2125 ΕΛ.·
494 2079 566 2139 ἥδ’
597 2080 739 2139 ἡμέρα
773 2094 838 2123 σοι
868 2081 951 2137 τήν
982 2080 1093 2137 ἐμήν
1125 2081 1259 2129 δείξει
1290 2081 1436 2137 χάριν.

439 2206 443 2211 ¹
1115 2150 1434 2208 („laetifieandi
1464 2149 1788 2208 facultatem“).

215 2226 319 2270 Eur.
351 2226 449 2270 Hel.
482 2223 597 2269 1397
611 2260 621 2279 ‚
662 2224 737 2269 ubi
777 2223 929 2270 variae
971 2222 1163 2274 Menelai
1193 2222 1383 2268 virtutes
1413 2222 1710 2268 laetificantes
1742 2226 1789 2268 et

213 2296 407 2352 eorporis
438 2299 484 2341 et
514 2296 647 2341 animi
677 2295 837 2351 plurali
866 2295 1041 2354 χάριτες
1073 2294 1399 2350 significantur:

357 2367 537 2411 δέδοικα
567 2368 655 2426 γάρ
686 2380 734 2410 σε
762 2368 824 2425 μκή
854 2384 921 2419 τις
952 2365 1155 2423 ἐμπεσών
1176 2366 1338 2418 -πόθος

357 2445 485 2501 πείσῃ
517 2442 730 2493 μεθεῖναι
763 2441 872 2494 σῶμ’
902 2437 947 2489 ἐς
979 2437 1111 2493 οἶδμα
1145 2437 1333 2480 πόντιον

354 2510 434 2551 τοῦ
465 2509 671 2567 πρόσθεν
704 2506 870 2568 οἷνδρός
901 2509 1078 2568 χάρισιν
1095 2507 1487 2567 ἐκπεπληγμένην.

333 2699 367 2743 1)
393 2696 470 2734 Sed
506 2698 617 2734 tertio
655 2710 770 2736 versu
801 2700 901 2749 χάρις
935 2703 993 2736 est
1029 2699 1170 2736 factum
1207 2699 1286 2746 (vel
1323 2700 1521 2746 complura
1556 2699 1672 2744 faeta)
1709 2710 1784 2745 quo

210 2760 327 2805 poeta
362 2767 481 2804 puero
519 2757 701 2793 laetitiam
737 2759 910 2805 paravit:
951 2760 1000 2796 de
1036 2759 1108 2795 hae
1146 2758 1425 2805 significatione
1466 2770 1584 2806 supra
1623 2759 1785 2795 disserui

210 2828 298 2865 pag.
323 2817 349 2855 4
371 2826 427 2864 sq.

1520 2889 1569 2928 2*
