2001 3296
212 377 346 428 atque
391 368 578 425 siugulis
629 379 711 411 eas
753 364 1000 411 nominibus
1046 364 1243 420 appellat
1285 364 1528 418 Pindarus,
1577 365 1624 409 id
1668 366 1784 420 quod

213 441 474 491 orchomeni
518 438 685 485 factum
731 451 818 483 non
863 451 964 484 esse
1002 437 1260 483 Pausanias'
1279 438 1359 493 IX,
1390 436 1461 492 35,
1494 436 1518 482 1
1567 440 1783 485 testatur:

211 521 289 561 καῖ
322 503 391 558 3τῖ
421 514 504 569 μὲν
539 520 654 570 τρεῖς
695 510 812 553 εἶναι
842 511 1055 569 Χάριτας·
1090 510 1389 568 κατεστήσατο
1429 509 1511 568 (sc.
1542 507 1783 569 Ἐτεοκλῆς)

149 635 155 638 ⁴
211 591 384 637 ἴσασιν,
439 583 644 641 ὅνόματα
698 583 749 627 δὲ
795 581 869 627 οἷα
921 580 1060 626 ἔθετο·
1106 580 1267 635 αύταῑς
1319 581 1371 627 οὕ
1421 583 1780 641 μνημονεύωσιν.

210 658 397 705 Nomina
415 656 471 701 iis
494 656 699 701 attribuit
718 655 937 700 Pindarus
959 667 1014 700 ea
1044 667 1156 710 quae
1186 655 1232 699 in
1262 654 1447 700 Hesiodi
1476 655 1735 712 Theogonia
1748 654 1784 713 1)

208 732 263 780 iis
274 766 278 770 .
293 728 501 794 imposita
530 729 659 774 eraut
688 726 751 786 (v.
760 725 903 785 ·907):

282 815 285 817 ·
351 800 553 859 τρεῐςιόέ
578 803 619 843 οἱ
650 797 884 857 Εὐρυνόμη
917 799 1121 857 Χάριτας
1152 805 1248 842 τέκε
1279 799 1615 863 καλλιπαρῄους
1648 833 1658 844 .
1680 833 1689 843 .
1712 833 1722 843 .

353 870 562 930 Ἀγλαΐην
591 888 640 915 τε
670 876 748 915 καὶ
778 869 1066 930 Εὐφροσύνην
1099 871 1271 929 Θαλίην
1300 870 1338 914 τ’
1369 870 1613 930 ἐρατεινήν.

328 946 382 991 In
426 944 557 990 Elide
608 944 791 990 similem
843 945 975 1000 atque
1018 943 1279 989 Orchomeni
1324 946 1528 989 naturam
1574 943 1783 990 videntur

210 1017 430 1063 habuisse.
495 1017 612 1062 Nam*
638 1017 901 1062 Plutarchus
944 1017 1114 1072 „Aetiis
1145 1016 1356 1062 Graecis“
1400 1016 1605 1062 mulieres
1644 1017 1781 1062 Eleas

210 1089 433 1133 Bacchum
463 1089 546 1133 hoc
577 1088 768 1133 carmine
798 1088 1079 1133 invocavisse
1110 1090 1266 1143 narrat
1295 1087 1411 1145 (cap.
1441 1086 1543 1142 36);

353 1159 520 1210 ἐλθεῖν,
552 1157 642 1218 ἥρω
675 1159 874 1210 Διόνυσε,

352 1229 532 1274 Ἀλείων
561 1230 607 1282 ἐς
637 1230 752 1274 ναόν

351 1301 494 1358 ἁγνὸν
525 1302 605 1347 σῦν
635 1307 937 1362 Χαρίτεσσιν,

352 1373 397 1426 ἐς
428 1374 545 1419 ναδν

350 1448 414 1505 τῷ
442 1449 556 1505 βοέῳ
590 1446 697 1490 ποδὶ
727 1446 873 1490 θύων.

354 1515 455 1568 ἄξιε
483 1520 635 1577 ταῦρε,
669 1515 770 1568 ἄξιε
799 1519 950 1575 ταῦρε.
982 1517 1155 1574 (Bergk
1188 1517 1234 1563 P.
1254 1517 1282 1562 l.
1304 1516 1372 1570 G„
1403 1530 1535 1563 carm,
1555 1530 1653 1574 pop.
1675 1516 1735 1575 6).

209 1591 430 1636 Bacchum
462 1592 607 1635 autem
638 1591 721 1635 hoc
750 1590 846 1634 loco
878 1590 1007 1634 deum
1031 1588 1279 1633 fertilitatis
1301 1601 1401 1634 esse
1421 1589 1781 1635 verisimillimum

208 1665 290 1718 est,
325 1665 458 1719 atque
490 1663 545 1708 ab
576 1662 671 1719 ipso
693 1662 931 1707 Plutarcho
964 1661 1021 1706 ad
1052 1661 1190 1707 verba
1219 1662 1333 1720 βοέῳ
1358 1660 1476 1705 ποδί
1500 1661 1783 1718 explananda

206 1735 324 1780 inter
348 1734 476 1780 ,alias
517 1734 834 1790 explicationes
874 1734 987 1778 haec
1028 1733 1232 1778 affertur:
1280 1730 1350 1776 ὅτι
1386 1739 1463 1776 καὶ
1506 1731 1673 1792 ἀρότου
1703 1739 1781 1777 καὶ

208 1806 377 1864 σπόρου
410 1806 567 1849 πολλοὶ
597 1804 679 1849 τόν
700 1804 819 1849 θεδν
850 1802 1050 1863 α’ρχηγόν
1080 1811 1312 1859 γεγονέναι
1333 1806 1596 1861 νομίζωσιν.
1651 1806 1781 1850 Hunc

160 1924 162 1927 ,
208 1877 335 1922 deum
365 1877 559 1936 Χάριτες
591 1876 877 1930 comitantur,
918 1876 945 1920 i.
976 1889 1014 1921 e.
1045 1875 1256 1921 fertilitas
1298 1889 1411 1931 quae
1448 1890 1528 1932 per
1544 1878 1780 1922 'Bacchum

207 1948 401 1995 efficitur
429 1949 648 1995 hominum
677 1948 896 1994 laetitiam
926 1961 1075 1993 secum
1105 1946 1249 2006 fertfl)

326 2023 380 2068 In
418 2022 544 2068 Pind.
578 2022 632 2067 fr.
673 2020 730 2066 95
781 2021 887 2065 Πάν
938 2022 1046 2066 deus
1092 2020 1284 2080 Ματρός
1337 2022 1560 2076 Μεχοῖλας
1613 2020 1778 2073 ὅπαδέ,

207 2098 377 2152 σεμνοῖν
408 2099 620 2154 Χαρίτων
649 2094 826 2153 μέλημα
857 2093 1015 2152 τερνόν
1048 2094 1311 2150 appellatur.
1375 2081 1530 2149 Itaque
1561 2095 1645 2144 hoc
1675 2098 1791 2150 quo-v

211 2179 294 2221 que
325 2167 421 2212 loco
453 2166 637 2211 Gratiae
679 2178 777 2210 cum
811 2164 1058 2210 numinibus
1099 2178 1214 2221 quae
1244 2168 1448 2211 naturam
1490 2168 1650 2211 curant
1679 2180 1781 2211 con-

148 2288 152 2294 „
207 2238 478 2294 iunguntur.>
1036 2280 1039 2282 Α

326 2309 516 2354 Similem
559 2311 763 2355 naturam
804 2309 997 2364 antiquis
1038 2309 1306 2364 temporibus
1343 2310 1533 2355 Athenis
1574 2310 1783 2356 videntur

207 2380 413 2426 habuisse
426 2417 436 2437 ,
477 2381 553 2427 ubi
590 2381 636 2426 iu
668 2383 944 2427 sacramento
985 2380 1332 2426 adulescentium
1373 2380 1596 2438 stipendia
1636 2381 1780 2428 factu-

206 2463 351 2496 rorum
382 2451 523 2502 Αὕξώ
555 2456 601 2498 et
631 2451 865 2511 Ἡγεμόνη,
908 2465 1017 2508 quas
1058 2465 1156 2497 esse
1188 2452 1373 2497 Gratias
1408 2452 1581 2499 Atticas
1612 2454 1780 2499 Pausa-

206 2521 306 2567 nias
355 2524 493 2570 tradit
506 2522 556 2583 8),
606 2525 890 2581 invocantur,
942 2527 992 2570 ut
1041 2524 1199 2569 Pollux
1244 2524 1378 2580 VIII,
1427 2523 1512 2569 106
1564 2527 1780 2572 testatur:

328 2642 363 2686 1)
389 2641 437 2680 ci.
463 2643 620 2690 Usener,
647 2644 917 2681 Gotternamen
942 2655 979 2691 p.
1005 2644 1086 2681 133.

325 2700 364 2746 2)
390 2701 440 2739 ef.
464 2695 509 2741 11.
536 2706 592 2750 14,
617 2705 709 2743 325:
734 2703 755 2750 ἦ
781 2706 823 2741 δὲ
845 2703 1028 2742 Διώνυσον
1051 2705 1189 2754 Σεμέλη
1214 2708 1303 2749 τέκε,
1322 2703 1453 2754 χάρμα
1477 2709 1666 2754 βροτοῖσιν.

326 2761 363 2804 3)
387 2761 452 2806 IX,
477 2764 535 2810 35,
561 2765 604 2801 2:
628 2769 757 2814 τιμῶσι
780 2764 853 2813 γιὶρ
878 2766 917 2801 ἐκ
942 2767 1096 2801 παλαιοῦ
1122 2766 1183 2800 καὶ
1201 2763 1386 2808 Ἀθηναῖοι
1404 2764 1565 2812 Χάριτας
1586 2764 1691 2806 Αὐξώ
1716 2767 1778 2801 καὶ

203 2816 413 2868 *Ηγεμόνηκ
1446 2817 1450 2822 ’
