2001 3296
849 227 1115 270 ..g-

186 357 304 403 wohl
333 336 406 403 die
436 356 712 405 freuudliche
733 357 997 415 Gesiunuug
1026 356 1134 404 oder
1153 358 1253 414 Ταῦ,
1289 358 1374 406 wie
1405 359 1477 406 die
1508 348 1769 418 Θοείιιιιιιιιζ

188 428 296 476 oder
325 430 425 484 Ταῦ,
456 428 622 474 welche
657 428 781 475 diese
820 429 1063 475 erwidert.
1099 429 1208 474 Also
1248 430 1343 476 lebt
1372 424 1439 476 iu
1468 432 1555 478 den
1581 424 1781 478 sennen!

188 500 261 546 die
291 500 421 557 χάρις
450 500 529 546 des
561 500 796 556 Herakles,
825 500 926 561 weil
963 500 1028 546 sie
1068 500 1151 546 wie
1193 513 1243 546 er
1283 515 1338 547 zu
1371 497 1649 549 Wohltateru
1690 502 1790 547 der-

187 572 468 619 Menschheit
497 572 684 618 berufen
716 571 829 629 siud,
869 559 961 617 und
990 571 1090 618 weil
1121 571 1187 617 sie
1219 572 1303 618 wie
1334 586 1384 619 er
1414 574 1496 620 auf
1521 562 1611 620 deu
1635 573 1767 618 Dank

188 645 269 691 der
295 638 540 699 Menschen
570 642 807 701 Anspruch
836 644 1023 695 haben.“

188 717 395 763 Menand.
425 713 481 763 fr.
513 715 601 762 595
633 716 783 762 Kock:
1233 754 1236 757 .

332 789 404 831 ἀεὶ
435 788 476 832 δ’
499 787 523 832 ὁ
556 791 724 838 σωθείς
754 786 879 832 ἐστιν
909 786 1160 844 ἀχάριστυν
1189 787 1339 845 φύσει.

332 856 409 916 ἅμ’
428 857 614 919 ἡλέηται
641 858 969 920 καὶπέθνηκεν
997 858 1025 916 ἡ
1056 858 1203 917 χάρις,

330 930 387 988 ἢν
417 931 629 987 δεόμενος
657 931 751 974 τότ’
782 929 1028 974 ἀθάνατον
1057 925 1177 982 ἵζειν
1204 928 1309 990 ἔφη.

186 1002 467 1049 Gratiflcatio
498 1002 623 1048 facta
654 1002 808 1049 statim
838 1001 1034 1057 moritur,
1063 1002 1093 1048 i.
1124 1015 1163 1048 e.
1194 1015 1283 1049 non
1312 1003 1402 1049 iam
1431 1004 1554 1051 valet
1581 1003 1767 1060 ideoque

186 1087 276 1120 ιιοιι
316 1074 527 1120 redditur.
594 1074 720 1129 χάρις
767 1076 814 1119 et
858 1073 1230 1131 gratificationem
1274 1075 1444 1169 factam
1488 1078 1534 1120 et
1576 1075 1766 1131 gratiam

185 1145 467 1192 referendam
496 1145 731 1203 significat.

188 1217 499 1275 Soph.'1¹raoh.
531 1216 632 1273 618,
662 1217 738 1263 ubi
767 1216 981 1263 Deianira¹
1011 1216 1195 1263 Licham
1226 1218 1296 1264 his
1326 1219 1475 1264 verbis
1505 1217 1705 1263 dimittit.

331 1284 473 1332 &22⁹⁰
450 1304 577 1346 ερπε,
607 1289 685 1332 καὶ
716 1288 926 1346 φύλασσε
956 1291 1116 1346 πρᾶτα
1143 1288 1230 1345 μὲν
1259 1289 1402 1346 νόμον

330 1359 383 1404 τὸ
412 1359 475 1418 μὴ
509 1359 755 1417 ἐπιθυμεῖν
784 1359 973 1417 πομπὰς
1002 1357 1065 1404 ὢν
1096 1360 1295 1419 περισσὰ
1328 1362 1466 1418 δρᾶν·

331 1430 483 1476 ἔπειθ’
515 1427 636 1482 ὅπως
666 1429 725 1474 ἂν
754 1431 782 1489 ἦ
814 1431 943 1493 χάρις
972 1435 1121 1476 κείνου
1149 1432 1201 1475 τὲ
1234 1444 1309 1476 σοι

330 1503 477 1560 κάμοῦ
508 1502 778 1556 ξυνελθοῦσ’
809 1503 861 1556 ἐξ
891 1503 1043 1562 ἁπλῆς
1073 1503 1215 1563 διπλῆ
1246 1506 1383 1564 φανῇ.

188 1576 423 1623 Sententia
468 1578 560 1621 est:
620 1576 692 1632 „id
743 1579 910 1633 specta,
961 1576 1174 1631 quomodo
1222 1589 1277 1620 ea
1320 1576 1493 1622 ratione
1543 1590 1665 1634 agas,
1715 1566 1766 1622 ut

187 1649 376 1706 utrique,
406 1648 590 1695 Herculi
620 1650 667 1694 et
697 1648 814 1705 mihi,
844 1647 1110 1706 gratificeris
1153 1650 1199 1694 et
1229 1650 1414 1705 uterque
1454 1647 1534 1694 tibi
1574 1648 1765 1707 gratiam

187 1719 387 1766 reddatf‘
1808 1757 1810 1760 .

186 1792 295 1838 Eur.
326 1791 553 1838 Heraclid.
586 1791 686 1837 379.
738 1792 905 1838 Chorus
946 1792 1246 1849 Eurystheum
1288 1754 1513 1838 abseutem
1549 1792 1763 1879 appeilat:

333 1861 434 1907 ἀλλ’
467 1861 521 1906 οὗ
551 1862 765 1919 πολέμων
795 1861 989 1921 ἐραστάς

328 1934 390 1992 μή
422 1950 502 1990 μοι
533 1934 636 1988 δυρὶ
667 1934 951 1993 συνταράξῃς

331 2004 421 2050 niv
451 2000 502 2051 εὖ
532 2008 728 2063 χαρίτων
759 2002 955 2061 εχουσαν

331 2077 482 2133 πόλιν,
517 2076 617 2123 ἄλλ’
648 2075 872 2134 ἄνᾶσχου.

189 2151 367 2207 „urbem
398 2164 512 2207 quae
543 2164 631 2196 non
651 2150 843 2208 ignorat,
875 2149 950 2196 ubi
969 2149 1214 2208 gratificari
1234 2150 1396 2196 debeat
1416 2152 1462 2195 et
1484 2151 1555 2197 ubi
1575 2153 1763 2210 gratiam

186 2226 448 2279 exspectare
477 2223 657 2280 possitf‘
1765 2236 1771 2242 ·

186 2294 293 2340 Eur.
329 2295 553 2340 Heraclid.
590 2294 692 2341 548.
751 2294 954 2340 Macaria
993 2307 1077 2339 sua
1117 2296 1287 2351 sponte,
1333 2306 1419 2338 non
1461 2297 1581 2341 sorte
1610 2298 1764 2343 electa

92 2409 98 2415 .
186 2367 431 2420 sacrificari
460 2368 575 2413 vult:

333 2437 412 2483 οὐκ
442 2454 504 2483 αν
534 2438 727 2495 θάνοιμι
756 2441 813 2497 τῇ
843 2438 955 2497 τύχῃ
985 2434 1174 2495 λαχοῦο*
1203 2436 1298 2494 ἐγώ.

330 2510 462 2567 χάρις
491 2526 577 2567 γαρ
609 2509 662 2553 οὐ
693 2509 928 2568 πρόσεστι.
1074 2526 1076 2528 ·
1193 2542 1197 2544 -

188 2584 255 2640 „si
285 2584 406 2629 sorte
438 2582 665 2629 destinata
694 2582 930 2639 sacrificor,
961 2582 1165 2642 cognatis
1185 2582 1295 2628 meis
1315 2583 1492 2640 gratum
1511 2582 1597 2640 ips
1610 2598 1638 2630 a
1658 2598 1763 2631 non

184 2656 341 2701 facio
373 2655 699 2708 sacrificatione
730 2669 830 2701 mea
859 2657 981 2715 (nam
1022 2669 1160 2713 cogo
1172 2670 1197 2700 r
1236 2654 1510 2712 sacrificari),
1551 2658 1596 2701 et
1636 2657 1764 2703 simul
1848 2713 1851 2715 ,

184 2728 322 2777 talem
353 2727 721 2775 sacrificationem
751 2730 873 2774 sorte
904 2730 1104 2775 coactam
1134 2727 1285 2787 gratia
1321 2721 1469 2773 eorum
1510 2740 1596 2773 ιιοιι
1635 2729 1771 2776 comi·

185 2800 347 2845 tatur.“
376 2816 379 2818 ¹
1240 2824 1242 2826 v
1400 2822 1403 2824 >
