2001 3296
844 232 1143 279 -66-

202 364 361 411 Musae
393 378 483 409 una
525 378 623 409 eum
662 364 718 410 iis
760 365 1016 412 mittuntur:
1061 364 1326 413 ear-minibus
1367 365 1533 410 laetam
1572 367 1789 415 redditam

199 450 299 481 esse
330 437 538 494 Magnam
572 437 763 491 Matrem
794 438 925 493 paulo
957 442 1058 494 post
1089 439 1310 483 narratur.
1604 472 1607 476 -

199 510 363 554 Bacch.
396 508 495 554 414.
558 509 726 554 Chorus
759 510 1035 555 Baccharum
1066 512 1115 554 ut
1151 510 1196 554 in
1235 509 1346 555 alias
1388 509 1542 556 veniat
1582 512 1787 568 regiones

198 581 418 638 (nominat
450 580 714 647 complures)
748 582 890 637 eupit:

344 652 436 695 ἐκεῖ
464 652 673 710 Χάριτες,
706 652 799 695 ἐκεῖ
829 653 880 696 δὲ
910 654 1093 703 Πόθος·

345 723 436 767 ἐκεῖ
466 723 518 772 δὲ
547 724 756 780 Βάκχαις
789 728 924 780 θέμις
959 722 1198 785 ὀργιάζειν.

205 796 293 851 „ibi
323 797 448 851 ipsae
480 797 591 840 deae
621 797 825 847 laetitiae
857 797 1002 850 sunt“‚
1035 809 1161 840 omne
1191 796 1329 852 igitur
1353 796 1625 845 laetitiarum
1646 811 1786 854 genus

139 894 144 899 -
202 867 265 912 ibi
296 867 532 912 invenitur.

199 940 362 984 Phoen.
395 939 505 984 788:
540 934 575 982 οῗ
608 940 896 994 πολύμοχθος
920 937 1067 997 ’Ἀρηςι
1099 949 1147 982 τί
1176 942 1293 983 ποθ’
1326 942 1485 996 αἵματι

341 1015 419 1052 καῖ
451 1011 648 1068 θανάτῳ
682 1004 858 1074 κατέχῄ,
896 1015 1086 1068 Βρομίου
1120 1011 1408 1068 παράμουσος
1441 1012 1613 1070 ἑορταῖς
1624 1032 1638 1064 ‚-

342 1080 422 1124 οὐκ
452 1081 530 1124 ἐπὶ
562 1082 844 1139 καλλιχόροις
877 1082 1133 1137 στεφάνοισι
1166 1082 1371 1134 νεανίὸος
1403 1080 1516 1142 ὥρης

340 1153 586 1211 βόστρυχον
621 1151 905 1208 ἀμπετάσας,
938 1153 1083 1196 λωτοῦ
1114 1153 1231 1196 κατά
1266 1154 1506 1209 πνεύματα
1538 1155 1685 1219 μέλπῃ

339 1227 529 1281 μοῦσαν,
563 1224 611 1269 ἓν
643 1217 675 1283 ᾇ
707 1225 902 1283 Χάριτες
935 1233 1165 1284 χοροποιοί
1175 1224 1223 1282 l)‚

344 1295 465 1339 οἷλλοέ
501 1332 509 1341 .
534 1332 543 1341 .
567 1331 575 1341 .
608 1300 754 1351 κῶμον
789 1295 1106 1340 α’ναυλότατον
1140 1299 1432 1356 προχορεύεις.

198 1381 397 1436 Gratiae,
428 1381 630 1425 laetitiae
663 1382 787 1435 deae,
819 1380 1066 1426 effectrices
1098 1384 1203 1426 sunt
1225 1382 1488 1427 saltationis
1515 1389 1783 1441 (χοροποιοί)

197 1467 283 1509 qua
313 1453 490 1498 laetitia
522 1453 731 1509 aperitur.
765 1478 821 1485 -—
854 1460 1112 1512 χαροποιοί,
1156 1454 1271 1509 quod
1303 1457 1453 1499 exstat
1482 1455 1529 1499 in
1560 1455 1782 1500 codieibus

196 1526 513 1579 deterioribus,
562 1525 817 1570 Gratiarum
860 1538 1017 1570 nomen
1063 1525 1152 1570 iam
1191 1526 1467 1582 perspicuum
1508 1527 1679 1572 iterum
1709 1541 1782 1572 ex-

196 1598 355 1654 plieat,
400 1598 515 1653 quod
545 1597 742 1653 ineptum
775 1599 846 1643 est
877 1600 1010 1653 atque
1041 1599 1213 1653 partem
1243 1598 1448 1655 imaginis
1479 1599 1548 1644 his
1579 1599 1781 1646 versibus

197 1670 449 1726 descriptae
481 1670 659 1715 omittit.

195 1742 327 1798 Hipp.
360 1740 491 1787 1147.
554 1742 721 1786 Chorus
753 1742 994 1798 Hippolyto
1035 1741 1081 1786 in
1117 1742 1294 1787 exilium
1336 1743 1469 1788 misso
1501 1744 1684 1789 Gratias
1715 1744 1780 1788 in-

195 1817 352 1860 vocat:

342 1884 393 1928 ἰῶ
428 1884 479 1927 ἰῶ
514 1885 719 1939 συζύγιαι
751 1885 947 1944 Χάριτες

338 1964 386 1999 τί
411 1956 493 2000 τόν
524 1957 690 2000 τάλαν’
720 1957 769 2000 ἐκ
802 1964 998 2016 πατρίας
1028 1960 1113 2011 γᾶς

337 2028 419 2071 τόν
454 2027 586 2071 οὐδὲν
620 2026 735 2078 ὅὶτας
767 2031 913 2071 αἴτιον

338 2106 537 2155 πέμπετε
568 2099 702 2142 τῶνδ’
735 2098 817 2142 (ἐπ’
854 2102 985 2143 οἴκων
996 2119 1009 2153 ;

194 2172 489 2217 Wilamowitz
531 2173 614 2216 hoc
645 2173 742 2216 loco
776 2171 959 2217 Gratias
990 2173 1092 2217 illas
1130 2185 1241 2227 quas
1272 2173 1440 2216 Robert
1471 2173 1645 2217 Atticas
1678 2187 1777 2218 esse

191 2245 286 2291 vult
333 2244 511 2295 Θαλλώ,
555 2242 711 2295 Αὐξώ,
754 2245 929 2304 Καρπώ
977 2244 1189 2301 intelligit
1237 2246 1283 2289 et
1323 2257 1379 2289 ex
1420 2244 1488 2289 his
1529 2244 1781 2291 nominibus·

157 2363 161 2366 ,
192 2317 299 2361 deas
315 2317 666 2372 interpretatur.
728 2316 816 2361 Sed
847 2319 898 2361 ut
927 2316 1115 2361 Roberti
1156 2318 1313 2361 eontra
1342 2316 1610 2361 Pausaniam
1644 2331 1774 2374 argu-

190 2388 403 2434 mentatio
435 2390 562 2433 reeta
590 2388 664 2443 sit,
695 2389 847 2433 tamen
877 2388 1001 2433 nulla
1021 2401 1071 2432 re
1093 2389 1292 2444 apparet,
1324 2400 1403 2433 eur
1431 2387 1572 2434 illas
1594 2388 1776 2434 Gratias

190 2460 273 2503 hoe
317 2461 413 2504 loeo
459 2459 651 2515 intelligi
695 2471 879 2503 neeesse
927 2459 1009 2512 sit,
1056 2471 1144 2502 non
1190 2458 1436 2503 Hesiodeas
1482 2461 1557 2504 vel
1602 2460 1788 2504 omnino.

189 2530 371 2584 Gratias
403 2530 538 2575 certis
570 2530 819 2575 nominibus
840 2531 1060 2575 carentes.
1106 2529 1266 2584 Itaque
1297 2543 1322 2575 e
1352 2530 1599 2577 nominibus
1631 2530 1775 2575 dubiis

189 2603 306 2647 ultro
346 2603 529 2647 insertis
568 2603 692 2647 locus
735 2603 1024 2659 explicandus
1063 2614 1153 2646 ‘non
1196 2605 1286 2657 est,
1332 2603 1413 2647 sed
1454 2617 1479 2647 e
1519 2603 1776 2648 Gratiarum

188 2673 363 2721 nomine
406 2687 434 2719 a
474 2676 609 2731 poeta
649 2673 888 2720 nominato.
950 2673 1137 2719 Gratiae
1182 2673 1382 2722 invocari
1418 2674 1524 2720 mihi
1553 2675 1774 2729 videntur,

309 2817 345 2863 1)
371 2815 421 2856 ef.
446 2826 537 2863 pag.
563 2816 613 2853 50
637 2817 724 2855 adn.
753 2819 785 2856 1.
