2001 3296
881 241 1175 285 „21-

238 376 286 421 et
317 375 450 421 animi
490 375 679 421 virtutes
721 371 961 429 coniungit.
1022 371 1113 417 Nos
1153 371 1311 428 igitur,
1352 372 1391 417 si
1432 373 1516 417 hoc
1556 373 1816 417 vocabulum

238 451 414 493 vertere
446 460 654 492 conamur
683 444 1079 502 significationibus
1116 445 1365 490 venustatis
1407 447 1486 490 aut
1517 444 1818 499 amabilitatis,

241 520 499 565 alterutram
531 516 723 563 notionis
754 515 1006 572 significare
1037 528 1266 572 possumus
1295 519 1480 573 partem.

360 591 532 646 Speciei
562 592 609 634 et
639 589 806 633 formae
836 589 966 646 χάρις
995 588 1047 634 in
1071 590 1203 633 rebus
1235 602 1404 644 quoque
1429 591 1581 646 potest
1601 602 1713 643 esse,
1745 600 1817 632 res

241 674 410 718 quoque
442 660 587 718 specie
619 662 666 704 et
696 659 838 704 forma
867 658 1086 704 laetitiam
1117 660 1292 704 efficere
1322 662 1531 716 possunt:

242 732 548 786 Οᾶ.18,298;
580 735 751 789 ἕρματα
784 732 826 774 δ’
847 730 1166 789 Ευρυδοίμαντι
1198 733 1290 777 δύω
1323 733 1606 791 θεράποντες
1638 711 1817 775 ἔνεικαν

382 803 594 862 τρίγληνα
624 804 867 862 μορόεντα·
900 804 1027 863 χάρις
1059 803 1101 847 δ’
1133 802 1429 859 απελοέμπετο
1460 804 1616 861 πολλή.
1717 852 1721 855 ,

241 876 349 921 Eur.
380 876 495 920 Med.
526 875 643 920 9822·
668 884 810 919 πείσει
841 877 969 934 χάρις
1001 875 1248 935 οἷμβρόσιός
1279 881 1319 919 τ’
1351 894 1473 930 αυγα
1508 876 1684 920 πέπλον

384 948 703 1006 χρυσότευκτόν
732 964 780 990 τε
811 953 1029 1004 στέφανον
1060 952 1353 1007 περιθέσθαι.
1400 1006 1405 1010 ⁴
1692 969 1694 972 ’

247 1019 529 1075 „venustas‘ss
560 1019 652 1064 scil.
684 1020 858 1064 πέπλου
889 1022 935 1064 et
965 1021 1197 1076 στεφάνου.

361 1122 461 1174 Toti
505 1126 605 1198 huic
651 1126 853 1172 vocabuli
898 1127 1026 1185 χάρις
1073 1127 1173 1172 usui
1219 1125 1484 1171 adiectivum
1531 1133 1699 1183 χαρίεις
1750 1138 1819 1169 re-

239 1198 451 1254 spondet:

243 1271 318 1315 Ar.
349 1270 538 1327 Lysistr.
572 1269 708 1314 1226:
742 1267 865 1314 οὔπω
897 1272 1096 1313 τοιοῦτον
1131 1269 1379 1324 ξυμπόσιον
1413 1265 1567 1311 οπωπ’
1598 1267 1696 1322 ἐγτί.

383 1359 409 1399 η
444 1348 521 1385 καὶ
551 1350 775 1400 χαρίεντες
807 1341 1096 1398 („amabiles“
1101 1339 1120 1398 )
1150 1334 1268 1397 ἦσαν
1302 1343 1341 1382 οἱ
1372 1344 1653 1383 Λακωνικοί·

385 1412 509 1471 ἡμεῖς
542 1413 583 1457 δ’
615 1412 663 1457 ἐν
697 1415 798 1472 οἴνῳ
834 1413 1062 1468 ξυμπόται
1094 1412 1352 1468 σοφώτατοι.

243 1486 296 1531 Il.
330 1484 399 1539 18,
430 1484 511 1530 24:
546 1484 814 1549 ἀμφοτέρῃσι
847 1484 898 1528 δὲ
928 1490 1075 1541 χερσῖν
1107 1484 1220 1527 ἑλών
1252 1485 1380 1527 κόνιν
1412 1484 1730 1527 αἰθαλόεσσαν

386 1558 549 1612 χεύατο
594 1557 681 1600 κοὶκ
726 1557 942 1614 κεφαλῆς,
990 1564 1144 1614 χαρίεν
1192 1555 1526 1613 („vemlstum“)
1573 1555 1615 1599 δ’
1661 1552 1821 1619 ᾔσχυνε

1499 1628 1755 1685 πρόσωπον.
1820 1678 1824 1681 ⁴

235 1699 389 1760 Solon.
422 1698 491 1754 13,
522 1698 601 1743 40:
636 1696 770 1751 ἄλλος
802 1697 949 1750 δειλός
981 1697 1067 1742 ἑῶν
1100 1697 1286 1753 οἷγαθός
1319 1698 1440 1742 δοκεῖ
1469 1696 1657 1754 ἔμμεναι
1690 1696 1820 1756 ἁνήρ,

388 1776 463 1813 καῖ
496 1770 634 1821 καλός
665 1770 839 1828 μορφήν
871 1769 923 1813 ου’
955 1777 1198 1828 χαρίεσσαν
1231 1769 1358 1826 ἔχων.

244 1843 425 1888 Theocr.
458 1841 528 1896 15,
560 1840 641 1886 79:
676 1840 735 1885 τοέ
770 1841 952 1885 ποικίλα
986 1844 1159 1900 πρᾶτον
1192 1839 1411 1900 ἄθρησον,

389 1913 533 1957 λεπτοὶ
568 1919 644 1957 καὶ
678 1931 736 1965 ως
767 1918 1000 1972 χαρίεντα·
1033 1917 1159 1957 θεῶν
1192 1914 1486 1972 περονοὶματα
1520 1923 1687 1969 φασεῑς.

245 1987 359 2031 Plat.
390 1986 577 2031 Phaedr.
608 2000 648 2042 p.
679 1984 768 2030 230
798 1986 859 2030 B:
901 1982 932 2043 η’
961 1989 1009 2029 τε
1040 2002 1099 2030 αυ
1141 2003 1258 2044 πηγη
1302 1985 1570 2062 χαριεστάτη
1614 1983 1708 2028 ῠπό
1741 2001 1819 2042 της

247 2057 484 2101 πλατάνου
515 2060 583 2115 ῥεῖ
610 2057 738 2113 μαλα
774 2059 952 2115 ψυχρου
981 2054 1158 2108 υδατος.

298 2188 300 2190 ·
362 2164 449 2214 Ubi
481 2167 590 2211 haec
619 2166 751 2224 χάρις
783 2168 854 2210 ost
884 2165 1047 2221 speciei
1077 2168 1123 2210 et
1153 2165 1321 2210 formae
1351 2164 1496 2223 χάρις,
1529 2177 1610 2209 nos
1640 2166 1820 2211 vertere

243 2238 435 2282 >solemus&
466 2239 758 2291 venustatem,
790 2237 1052 2282 Germanice
1086 2237 1318 2292 „Anmut“.
1379 2237 1478 2293 Qua
1513 2238 1664 2282 tamen
1694 2237 1740 2280 in
1771 2250 1820 2281 re

247 2309 489 2354 cavendum
531 2310 622 2363 est;
672 2321 775 2352 nam
815 2321 896 2352 nos
940 2308 1157 2363 „Anmut“
1202 2308 1474 2363 appellamus
1516 2310 1685 2353 certum
1726 2309 1820 2364 pul-

242 2379 519 2425 chritudinis-
545 2392 686 2436 genus
718 2377 795 2436 (cf.
826 2378 1029 2424 Schilleri
1069 2373 1480 2424 commentationem
1521 2393 1636 2435 quae
1666 2379 1820 2426 inscri-

245 2451 365 2496 bitur
407 2440 554 2506 „iiber
593 2452 757 2494 Anmut
798 2450 888 2494 und
924 2449 1153 2506 Wiirdc“).
1224 2452 1288 2494 At
1316 2452 1533 2496 vocabulo
1563 2452 1695 2510 χάρις
1726 2452 1820 2507 pul-

246 2522 505 2570 chritudinis
545 2521 764 2567 notionem
805 2521 977 2567 omnino
1018 2535 1107 2567 non
1147 2522 1449 2569 subiciendam
1489 2537 1590 2569 esse
1621 2527 1668 2569 et
1697 2523 1820 2581 origo

241 2598 294 2652 fot
338 2607 444 2640 usus
485 2593 689 2640 vocabuli
718 2593 944 2649 20stendit3
996 2595 1195 2639 laetandi
1239 2596 1313 2641 vel
1357 2597 1505 2652 potius
1550 2596 1821 2641 laetificandi

247 2667 467 2713 notionem
513 2665 555 2711 ei
599 2665 745 2711 inesse
791 2665 992 2712 vidimus.
1074 2666 1155 2712 Oui
1182 2667 1379 2722 ‘quidem
1425 2667 1594 2713 notioni
1639 2670 1820 2713 nostrae

249 2752 419 2796 quoque
450 2736 783 2795 significationis
808 2738 1025 2793 „Anmut“
1048 2739 1228 2795 propria
1248 2739 1317 2785 vis
1339 2740 1470 2797 („das
1490 2739 1819 2795 Anmutende“)

250 2811 403 2857 similis
434 2812 524 2866 est3
557 2809 635 2855 sed
664 2809 775 2855 haec
806 2809 985 2867 propria
1013 2810 1083 2857 vis
1113 2810 1160 2855 in
1190 2812 1404 2857 vocabulo
1435 2811 1696 2858 Germanico
1733 2824 1820 2856 non
