2001 3296
801 256 1138 324 ·-2s-

197 393 397 446 apparet.
469 391 713 447 Praecipue
742 391 992 437 Atticorum
1031 392 1252 437 nominum
1294 392 1526 438 multitudo
1566 390 1776 439 notabilis

196 463 279 506 est.
342 462 449 507 Cum
481 462 669 518 exempli
699 475 839 510 causa
868 464 980 509 haec
1011 463 1188 508 nomina
1218 458 1315 509 cum
1346 463 1592 509 nominibus
1613 477 1642 509 a
1661 465 1777 510 radi-

197 533 322 577 cibus
343 550 416 577 νικ
437 537 483 578 61
503 534 588 576 καλ
610 533 839 588 derivatis,
871 548 986 589 quae
1006 537 1186 591 praeter
1206 537 1357 580 cetera
1377 536 1495 581 inter
1513 535 1779 580 creberrima

196 608 497 660 numerantur,
538 604 924 662 comparavissem,
969 606 1147 652 nomina
1188 619 1216 651 a
1255 606 1407 653 radice
1444 624 1534 666 *zap
1574 606 1779 653 derivata

124 711 126 713 .
199 678 386 723 Athenis
407 691 462 722 ea
481 690 622 733 paene
644 678 1020 733 adaequaverunt,
1040 678 1086 722 111
1108 668 1504 724 6616116616,οοί86
1524 679 1778 735 regionibus
1854 693 1860 702 ·

196 749 450 805 plerumque
468 771 478 777 —
496 761 584 793 non
624 748 762 793 multo
808 747 907 805 plus
949 749 1125 794 dimidio
1166 762 1316 794 eorum
1357 750 1609 796 effecerunt.
1680 750 1779 807 Qua

176 833 301 869 ,cum
340 834 389 865 re
435 820 731 865 conferendae
782 823 886 865 suut
932 821 1087 865 laudes
1137 821 1242 866 illae
1287 822 1625 867 Atheniensium
1670 834 1777 876 quos

188 892 476 950 Thucydides
508 892 655 938 omnia
682 891 796 948 μετοὶ
829 900 1025 952 χαρίτων
1055 892 1205 939 facere
1237 892 1345 939 dicit
1375 892 1454 952 (II,
1485 891 1575 951 41).

315 971 475 1032 Itaque
505 976 737 1030 laetitiam,
778 989 908 1032 quam
940 977 1095 1032 quanti
1125 977 1288 1022 Graeci
1319 977 1679 1027 aestimavissent
1710 977 1779 1021 his

197 1048 482 1108 cognovimus
513 1045 912 1103 observationibus,
942 1047 990 1093 in
1010 1048 1288 1105 philosophia
1318 1061 1489 1104 quoque
1509 1048 1780 1094 Graecorum

196 1120 346 1176 magni
376 1133 476 1164 esse
508 1120 789 1165 aestimatam
819 1119 1065 1165 mirandum
1096 1133 1184 1165 non
1216 1122 1298 1165 est.
1359 1120 1626 1174 Theodorus,
1666 1132 1780 1164 unus

196 1205 221 1236 e
242 1190 512 1248 philosophis
534 1190 790 1248 Cyrenaicis
823 1191 897 1247 qui
927 1191 1221 1246 nominantur,
1252 1191 1439 1248 singulis
1464 1190 1780 1247 voluptatibus,

196 1276 308 1319 quas
360 1263 500 1308 ceteri
546 1262 779 1319 Cyrenaici
825 1263 1098 1319 expetendas
1146 1276 1245 1308 esse
1292 1264 1557 1317 docuerunt,
1607 1262 1780 1324 omissis

194 1335 338 1392 ipsum
368 1335 536 1380 laetum
567 1334 702 1380 animi
727 1334 927 1380 habitum
947 1335 1137 1394 (χαράν)
1169 1348 1380 1381 summum
1410 1335 1532 1382 vita'e
1558 1335 1780 1380 ‘humanae

196 1407 325 1451 finem
357 1410 403 1452 et
424 1407 843 1467 consummationem
863 1407 1026 1458 (τέλος)
1057 1420 1157 1452 esse
1179 1407 1421 1453 affirmavit
1433 1406 1469 1463 ¹)
1500 1406 1576 1464 (cf.
1598 1406 1779 1451 Gratias

196 1478 386 1525 omnium
416 1491 563 1524 rerum
593 1477 1017 1536 consummatrices).
1078 1480 1225 1535 Atque
1255 1479 1295 1525 is
1326 1478 1584 1536 posterioris
1617 1477 1780 1523 aetatis

194 1551 481 1606 philosophus
494 1585 504 1605 ,
551 1551 625 1605 qui
670 1552 797 1594 homo
843 1564 948 1595 vere
994 1551 1281 1596 Atheniensis
1294 1550 1331 1607 2)
1377 1554 1476 1596 erat
1521 1563 1685 1605 neque,
1732 1551 1781 1594 ut

197 1622 443 1669 Stoicorum
490 1624 646 1669 auctor
690 1622 833 1678 Zeno,
880 1635 904 1667 e
950 1623 1143 1668 barbara
1188 1623 1330 1680 gente
1369 1624 1516 1677 ortus,
1538 1647 1540 1649 -
1562 1621 1781 1678 Epicurus

195 1694 398 1740 laetitiae
430 1696 605 1739 tantum
636 1694 804 1748 tribuit,
835 1697 885 1739 ut
916 1695 973 1739 ad
1004 1693 1171 1752 ἡδονήν
1203 1694 1280 1752 (cf.
1311 1692 1509 1752 ἥδεσθαι
1545 1692 1780 1750 ,·,·laetari“)

196 1766 343 1811 omnia
392 1765 605 1811 referret:
658 1765 715 1810 cf.
760 1765 944 1822 Epicuri
990 1766 1117 1822 epist.
1161 1766 1242 1820 ΙΙΙ,
1274 1765 1361 1810 128
1392 1766 1605 1824 (Usener,
1657 1764 1782 1821 Epic.

195 1838 311 1895 p.62
327 1834 435 1895 sq.):
468 1843 546 1881 καὶ
578 1837 656 1881 dm?
690 1840 821 1882 τοῦτο
850 1838 934 1896 τήν
964 1837 1133 1896 ἡδονήν
1165 1836 1309 1897 οἷρχήν
1340 1843 1418 1881 καὶ
1449 1837 1571 1890 τέλος
1598 1837 1781 1892 λέγομεν

196 1911 315 1955 εἶναι
356 1913 437 1954 τοῦ
476 1917 708 1969 μακαρίως
751 1911 842 1968 ζῆν.
906 1910 1077 1968 ταύτην
1113 1910 1201 1969 γάρ
1249 1908 1439 1965 ἄγαθόν
1487 1909 1672 1970 πρῶτον
1704 1914 1781 1952 καὶ

196 1983 455 2037 συγγενικόν
501 1981 722 2037 ἔγνωμεν,
770 1988 848 2025 καὶ
896 1981 993 2026 cinci
1042 1983 1208 2040 ταύτης
1255 1983 1583 2041 καταρχόμεθα
1633 1982 1781 2038 πάσης

197 2059 406 2114 αἱρέσεως
448 2060 526 2098 καὶ
569 2056 707 2112 φυγῆς
749 2059 826 2097 καῖ
868 2053 946 2098 ἐπὶ
986 2055 1157 2112 ταύτην
1199 2056 1489 2109 καταντῶμεν
1530 2052 1588 2105 ὥς
1620 2053 1781 2096 κανόνι

195 2130 259 2186 τῷ
291 2128 441 2170 πάθει
474 2129 573 2170 πᾶν
605 2124 797 2180 drawn
828 2134 1059 2184 κρίνοντες.
1113 2126 1248 2171 Immo
1280 2138 1377 2171 cum
1407 2125 1574 2171 virtute
1600 2124 1784 2181 negavit

197 2198 290 2244 vivi
328 2212 482 2254 posse,
524 2198 612 2243 nisi
653 2210 752 2243 cum
775 2196 968 2243 'laetitia
999 2196 1182 2255 (ἡδέως)
1224 2197 1471 2243 viveretur:
1514 2197 1570 2242 cf.
1601 2194 1783 2252 Epicuri

197 2272 388 2315 sentent.
419 2270 446 2314 5
493 2269 688 2327 (Usener
727 2283 769 2325 p.
791 2267 891 2326 72):
940 2267 1018 2313 οὐκ
1065 2266 1185 2312 ἔστιν
1229 2267 1372 2326 ἡδέως
1421 2270 1500 2326 ζῆν
1533 2266 1658 2312 ’ἄνευ
1703 2269 1784 2311 τοῦ

198 2461 338 2508 gleich,
373 2461 444 2496 wie
478 2461 574 2497 alles
600 2460 855 2505 Hellenische‚
890 2471 969 2499 war
1003 2460 1071 2497 der
1106 2461 1181 2497 alte
1207 2460 1458 2507 Volksgruss,
1493 2459 1670 2504 welcher,
1704 2470 1782 2495 von

198 2521 314 2558 allem
356 2519 569 2566 Zufiilligen
610 2521 688 2556 und
730 2520 1064 2558 Unwesentlichen
1107 2521 1322 2565 absehend,
1365 2520 1437 2556 das
1478 2519 1572 2556 Eine
1612 2519 1780 2562 betonte,

196 2580 348 2618 worauf
382 2580 453 2616 der
476 2580 584 2616 Wert
617 2580 685 2616 des
716 2580 865 2617 Lebens
900 2580 1048 2625 beruht,
1084 2580 1145 2617 die
1178 2580 1326 2617 Frende
1360 2591 1420 2615 am
1445 2579 1600 2623 Dasein,
1633 2577 1780 2614 welche

196 2641 268 2678 wie
295 2641 365 2678 der
389 2639 655 2677 Lebensodem
681 2639 802 2677 durch
822 2640 889 2677 (lie
914 2638 1153 2687 griechische
1175 2640 1281 2678 *Welt
1306 2640 1432 2687 geht.“

319 2714 356 2760 1)
383 2713 509 2748 Laert.
543 2704 659 2757 Diog.
692 2712 736 2755 II,
761 2712 795 2756 8,
822 2713 880 2749 98.
930 2712 978 2749 cf.
1005 2713 1130 2749 Zeller
1165 2712 1432 2759 „Philosophie
1466 2709 1535 2748 der
1569 2709 1778 2747 Griechen“

193 2775 238 2819 II,
267 2776 298 2819 1,
325 2785 415 2820 pag.
440 2772 525 2811 378.
974 2790 977 2792 v

316 2846 355 2891 2)
380 2846 507 2881 Laert.
533 2843 649 2889 Diog.
676 2843 721 2887 X,
750 2844 781 2886 1,
810 2844 842 2878 1.
892 2843 1043 2878 Lucret.
1068 2844 1133 2888 VI,
1159 2845 1193 2880 5.
