<?xml version="1.0" encoding="UTF-8"?>
<!DOCTYPE html PUBLIC "-//W3C//DTD XHTML 1.0 Transitional//EN"
    "http://www.w3.org/TR/xhtml1/DTD/xhtml1-transitional.dtd">
<html xmlns="http://www.w3.org/1999/xhtml" xml:lang="en" lang="en">
 <head>
  <title>
</title>
<meta http-equiv="Content-Type" content="text/html;charset=utf-8" />
  <meta name='ocr-system' content='tesseract 3.04.00' />
  <meta name='ocr-capabilities' content='ocr_page ocr_carea ocr_par ocr_line ocrx_word'/>
</head>
<body>
  <div class='ocr_page' id='page_1' title='image "./4630583_0062.png"; bbox 0 0 2001 3296; ppageno 0'>
   <div class='ocr_carea' id='block_1_1' title="bbox 823 237 1121 283">
    <p class='ocr_par' dir='ltr' id='par_1_1' title="bbox 823 237 1121 283">
     <span class='ocr_line' id='line_1_1' title="bbox 823 237 1121 283; baseline 0.007 -13"><span class='ocrx_word' id='word_1_1' title='bbox 823 237 1121 283; x_wconf 71' lang='lat'>-52—</span> 
     </span>
    </p>
   </div>
   <div class='ocr_carea' id='block_1_2' title="bbox 181 365 1826 2862">
    <p class='ocr_par' dir='ltr' id='par_1_2' title="bbox 181 365 1826 2149">
     <span class='ocr_line' id='line_1_2' title="bbox 303 365 1762 429; baseline -0.003 -13"><span class='ocrx_word' id='word_1_2' title='bbox 303 365 411 417; x_wconf 82' lang='lat' dir='ltr'><strong>Cum</strong></span> <span class='ocrx_word' id='word_1_3' title='bbox 448 369 575 425; x_wconf 88' lang='lat' dir='ltr'><strong>apud</strong></span> <span class='ocrx_word' id='word_1_4' title='bbox 596 368 780 414; x_wconf 77' lang='lat' dir='ltr'><strong>Gratias</strong></span> <span class='ocrx_word' id='word_1_5' title='bbox 811 369 1071 415; x_wconf 91' lang='lat' dir='ltr'><strong>Homericas</strong></span> <span class='ocrx_word' id='word_1_6' title='bbox 1104 370 1223 429; x_wconf 15' lang='lat' dir='ltr'><strong>*haec</strong></span> <span class='ocrx_word' id='word_1_7' title='bbox 1264 381 1368 425; x_wconf 89' lang='lat' dir='ltr'><strong>pars</strong></span> <span class='ocrx_word' id='word_1_8' title='bbox 1409 368 1602 415; x_wconf 88' lang='lat' dir='ltr'><strong>notionis</strong></span> <span class='ocrx_word' id='word_1_9' title='bbox 1632 369 1762 429; x_wconf 80' lang='grc' dir='ltr'><strong><em>χάρις</em></strong></span> 
     </span>
     <span class='ocr_line' id='line_1_3' title="bbox 181 431 1767 499; baseline 0 -13"><span class='ocrx_word' id='word_1_10' title='bbox 181 441 446 498; x_wconf 78' lang='lat' dir='ltr'><strong>praevaleat</strong></span> <span class='ocrx_word' id='word_1_11' title='bbox 486 444 619 497; x_wconf 88' lang='lat' dir='ltr'><strong>atque</strong></span> <span class='ocrx_word' id='word_1_12' title='bbox 659 440 706 486; x_wconf 91' lang='lat' dir='ltr'><strong>id</strong></span> <span class='ocrx_word' id='word_1_13' title='bbox 747 441 890 499; x_wconf 82' lang='lat' dir='ltr'><strong>magis</strong></span> <span class='ocrx_word' id='word_1_14' title='bbox 932 444 1139 487; x_wconf 85' lang='lat' dir='ltr'><strong>narretur</strong></span> <span class='ocrx_word' id='word_1_15' title='bbox 1178 442 1331 497; x_wconf 81' lang='lat' dir='ltr'><strong>quales</strong></span> <span class='ocrx_word' id='word_1_16' title='bbox 1372 441 1457 486; x_wconf 90' lang='lat' dir='ltr'><strong>hae</strong></span> <span class='ocrx_word' id='word_1_17' title='bbox 1498 441 1609 486; x_wconf 90' lang='lat' dir='ltr'><strong>deae</strong></span> <span class='ocrx_word' id='word_1_18' title='bbox 1638 431 1767 498; x_wconf 85' lang='lat' dir='ltr'><strong>ipsae·</strong></span> 
     </span>
     <span class='ocr_line' id='line_1_4' title="bbox 182 506 1764 569; baseline 0 -12"><span class='ocrx_word' id='word_1_19' title='bbox 182 513 274 558; x_wconf 90' lang='lat' dir='ltr'><strong>sint</strong></span> <span class='ocrx_word' id='word_1_20' title='bbox 305 506 436 569; x_wconf 83' lang='lat' dir='ltr'><strong>quam</strong></span> <span class='ocrx_word' id='word_1_21' title='bbox 469 513 572 568; x_wconf 90' lang='lat' dir='ltr'><strong>quid</strong></span> <span class='ocrx_word' id='word_1_22' title='bbox 603 516 761 558; x_wconf 84' lang='lat' dir='ltr'><strong>curent</strong></span> <span class='ocrx_word' id='word_1_23' title='bbox 796 527 942 558; x_wconf 89' lang='lat' dir='ltr'><strong>rerum</strong></span> <span class='ocrx_word' id='word_1_24' title='bbox 972 515 1259 559; x_wconf 90' lang='lat' dir='ltr'><strong>humanarum</strong></span> <span class='ocrx_word' id='word_1_25' title='bbox 1272 549 1282 567; x_wconf 93' lang='lat'><strong>‚</strong></span> <span class='ocrx_word' id='word_1_26' title='bbox 1323 513 1441 569; x_wconf 90' lang='lat' dir='ltr'><strong>apud</strong></span> <span class='ocrx_word' id='word_1_27' title='bbox 1481 512 1594 558; x_wconf 88' lang='lat' dir='ltr'><strong>alias</strong></span> <span class='ocrx_word' id='word_1_28' title='bbox 1625 513 1764 558; x_wconf 87' lang='lat' dir='ltr'><strong>Grae-</strong></span> 
     </span>
     <span class='ocr_line' id='line_1_5' title="bbox 183 584 1765 642; baseline -0.001 -12"><span class='ocrx_word' id='word_1_29' title='bbox 183 584 333 630; x_wconf 88' lang='lat' dir='ltr'><strong>corum</strong></span> <span class='ocrx_word' id='word_1_30' title='bbox 374 588 533 642; x_wconf 84' lang='lat' dir='ltr'><strong>gentes</strong></span> <span class='ocrx_word' id='word_1_31' title='bbox 573 585 718 642; x_wconf 84' lang='lat' dir='ltr'><strong>magis</strong></span> <span class='ocrx_word' id='word_1_32' title='bbox 759 586 985 642; x_wconf 78' lang='lat' dir='ltr'><strong>pertinent</strong></span> <span class='ocrx_word' id='word_1_33' title='bbox 1027 585 1084 630; x_wconf 90' lang='lat' dir='ltr'><strong>ad</strong></span> <span class='ocrx_word' id='word_1_34' title='bbox 1124 585 1264 631; x_wconf 89' lang='lat' dir='ltr'><strong>vitam</strong></span> <span class='ocrx_word' id='word_1_35' title='bbox 1305 586 1552 630; x_wconf 85' lang='lat' dir='ltr'><strong>humanam.</strong></span> <span class='ocrx_word' id='word_1_36' title='bbox 1613 584 1765 640; x_wconf 83' lang='lat' dir='ltr'><strong>Neque</strong></span> 
     </span>
     <span class='ocr_line' id='line_1_6' title="bbox 182 656 1764 713; baseline -0.001 -12"><span class='ocrx_word' id='word_1_37' title='bbox 182 659 333 701; x_wconf 89' lang='lat' dir='ltr'><strong>tamen</strong></span> <span class='ocrx_word' id='word_1_38' title='bbox 364 656 563 700; x_wconf 87' lang='lat' dir='ltr'><strong>omnibus</strong></span> <span class='ocrx_word' id='word_1_39' title='bbox 593 657 865 713; x_wconf 82' lang='lat' dir='ltr'><strong>temporibus</strong></span> <span class='ocrx_word' id='word_1_40' title='bbox 886 657 1172 711; x_wconf 87' lang='lat' dir='ltr'><strong>omnibusque</strong></span> <span class='ocrx_word' id='word_1_41' title='bbox 1191 656 1301 701; x_wconf 91' lang='lat' dir='ltr'><strong>locis</strong></span> <span class='ocrx_word' id='word_1_42' title='bbox 1332 669 1428 702; x_wconf 90' lang='lat' dir='ltr'><strong>cum</strong></span> <span class='ocrx_word' id='word_1_43' title='bbox 1449 660 1573 700; x_wconf 91' lang='lat' dir='ltr'><strong>terra</strong></span> <span class='ocrx_word' id='word_1_44' title='bbox 1592 658 1764 701; x_wconf 87' lang='lat' dir='ltr'><strong>tautum</strong></span> 
     </span>
     <span class='ocr_line' id='line_1_7' title="bbox 184 726 1826 789; baseline -0.001 -16"><span class='ocrx_word' id='word_1_45' title='bbox 184 728 473 785; x_wconf 81' lang='lat' dir='ltr'><strong>frugibusque</strong></span> <span class='ocrx_word' id='word_1_46' title='bbox 505 728 624 784; x_wconf 90' lang='lat' dir='ltr'><strong>apud</strong></span> <span class='ocrx_word' id='word_1_47' title='bbox 653 729 736 774; x_wconf 89' lang='lat' dir='ltr'><strong>has</strong></span> <span class='ocrx_word' id='word_1_48' title='bbox 763 731 921 785; x_wconf 82' lang='lat' dir='ltr'><strong>gentes</strong></span> <span class='ocrx_word' id='word_1_49' title='bbox 943 728 1204 773; x_wconf 88' lang='lat' dir='ltr'><strong>coniunctae</strong></span> <span class='ocrx_word' id='word_1_50' title='bbox 1226 731 1353 783; x_wconf 89' lang='lat' dir='ltr'><strong>sunt;</strong></span> <span class='ocrx_word' id='word_1_51' title='bbox 1383 741 1487 773; x_wconf 90' lang='lat' dir='ltr'><strong>nam</strong></span> <span class='ocrx_word' id='word_1_52' title='bbox 1506 727 1582 772; x_wconf 90' lang='lat' dir='ltr'><strong>ubi</strong></span> <span class='ocrx_word' id='word_1_53' title='bbox 1602 726 1767 783; x_wconf 86' lang='lat' dir='ltr'><strong>primas</strong></span> <span class='ocrx_word' id='word_1_54' title='bbox 1822 786 1826 789; x_wconf 83' lang='lat'>.</span> 
     </span>
     <span class='ocr_line' id='line_1_8' title="bbox 183 799 1767 857; baseline -0.001 -12"><span class='ocrx_word' id='word_1_55' title='bbox 183 800 284 845; x_wconf 87' lang='lat' dir='ltr'><strong>illas</strong></span> <span class='ocrx_word' id='word_1_56' title='bbox 315 813 388 845; x_wconf 89' lang='lat' dir='ltr'><strong>res</strong></span> <span class='ocrx_word' id='word_1_57' title='bbox 411 799 488 844; x_wconf 84' lang='lat' dir='ltr'><strong>&#39;ad</strong></span> <span class='ocrx_word' id='word_1_58' title='bbox 517 800 658 845; x_wconf 87' lang='lat' dir='ltr'><strong>vitam</strong></span> <span class='ocrx_word' id='word_1_59' title='bbox 690 800 934 857; x_wconf 82' lang='lat' dir='ltr'><strong>degendam</strong></span> <span class='ocrx_word' id='word_1_60' title='bbox 970 799 1158 845; x_wconf 85' lang='lat' dir='ltr'><strong>maxime</strong></span> <span class='ocrx_word' id='word_1_61' title='bbox 1189 799 1467 845; x_wconf 84' lang='lat' dir='ltr'><strong>necessarias</strong></span> <span class='ocrx_word' id='word_1_62' title='bbox 1499 801 1767 845; x_wconf 86' lang='lat' dir='ltr'><strong>curaverunt</strong></span> 
     </span>
     <span class='ocr_line' id='line_1_9' title="bbox 183 870 1768 928; baseline -0.001 -12"><span class='ocrx_word' id='word_1_63' title='bbox 183 871 381 917; x_wconf 91' lang='lat' dir='ltr'><strong>homines</strong></span> <span class='ocrx_word' id='word_1_64' title='bbox 413 871 472 916; x_wconf 90' lang='lat' dir='ltr'><strong>ad</strong></span> <span class='ocrx_word' id='word_1_65' title='bbox 491 871 631 917; x_wconf 87' lang='lat' dir='ltr'><strong>vitam</strong></span> <span class='ocrx_word' id='word_1_66' title='bbox 663 872 963 917; x_wconf 85' lang='lat' dir='ltr'><strong>exornandam</strong></span> <span class='ocrx_word' id='word_1_67' title='bbox 993 884 1043 917; x_wconf 90' lang='lat' dir='ltr'><strong>se</strong></span> <span class='ocrx_word' id='word_1_68' title='bbox 1064 873 1247 918; x_wconf 86' lang='lat' dir='ltr'><strong>vertunt</strong></span> <span class='ocrx_word' id='word_1_69' title='bbox 1268 871 1469 928; x_wconf 90' lang='lat' dir='ltr'><strong>aliaeque</strong></span> <span class='ocrx_word' id='word_1_70' title='bbox 1499 883 1573 917; x_wconf 89' lang='lat' dir='ltr'><strong>res</strong></span> <span class='ocrx_word' id='word_1_71' title='bbox 1592 870 1768 916; x_wconf 89' lang='lat' dir='ltr'><strong>laetitia</strong></span> 
     </span>
     <span class='ocr_line' id='line_1_10' title="bbox 184 943 1766 989; baseline -0.001 -2"><span class='ocrx_word' id='word_1_72' title='bbox 184 957 261 988; x_wconf 84' lang='lat' dir='ltr'><strong>eos</strong></span> <span class='ocrx_word' id='word_1_73' title='bbox 315 943 539 988; x_wconf 86' lang='lat' dir='ltr'><strong>afficiunt:</strong></span> <span class='ocrx_word' id='word_1_74' title='bbox 592 943 838 988; x_wconf 83' lang='lat' dir='ltr'><strong>Gratiae</strong></span> <span class='ocrx_word' id='word_1_75' title='bbox 889 944 1051 989; x_wconf 88' lang='lat' dir='ltr'><strong>vitae</strong></span> <span class='ocrx_word' id='word_1_76' title='bbox 1102 945 1380 988; x_wconf 89' lang='lat' dir='ltr'><strong>humanae</strong></span> <span class='ocrx_word' id='word_1_77' title='bbox 1431 943 1766 987; x_wconf 91' lang='lat' dir='ltr'><strong>ornatrices</strong></span> 
     </span>
     <span class='ocr_line' id='line_1_11' title="bbox 184 1014 1769 1070; baseline -0.001 -10"><span class='ocrx_word' id='word_1_78' title='bbox 184 1015 354 1060; x_wconf 88' lang='lat' dir='ltr'><strong>fiunt.</strong></span> <span class='ocrx_word' id='word_1_79' title='bbox 405 1014 550 1059; x_wconf 87' lang='lat' dir='ltr'><strong>Huius</strong></span> <span class='ocrx_word' id='word_1_80' title='bbox 582 1017 771 1060; x_wconf 88' lang='lat' dir='ltr'><strong>naturae</strong></span> <span class='ocrx_word' id='word_1_81' title='bbox 802 1017 945 1060; x_wconf 89' lang='lat' dir='ltr'><strong>testes</strong></span> <span class='ocrx_word' id='word_1_82' title='bbox 976 1015 1154 1060; x_wconf 91' lang='lat' dir='ltr'><strong>nomina</strong></span> <span class='ocrx_word' id='word_1_83' title='bbox 1183 1028 1355 1070; x_wconf 88' lang='lat' dir='ltr'><strong>quoque</strong></span> <span class='ocrx_word' id='word_1_84' title='bbox 1376 1014 1633 1059; x_wconf 81' lang='lat' dir='ltr'><strong>Gratiarum</strong></span> <span class='ocrx_word' id='word_1_85' title='bbox 1664 1016 1769 1059; x_wconf 85' lang='lat' dir='ltr'><strong>sunt</strong></span> 
     </span>
     <span class='ocr_line' id='line_1_12' title="bbox 186 1084 1768 1145; baseline -0.001 -15"><span class='ocrx_word' id='word_1_86' title='bbox 186 1086 413 1131; x_wconf 86' lang='lat' dir='ltr'><strong>Hesiodea</strong></span> <span class='ocrx_word' id='word_1_87' title='bbox 444 1099 472 1131; x_wconf 93' lang='lat' dir='ltr'><strong>a</strong></span> <span class='ocrx_word' id='word_1_88' title='bbox 506 1085 701 1131; x_wconf 87' lang='lat' dir='ltr'><strong>Pindaro</strong></span> <span class='ocrx_word' id='word_1_89' title='bbox 741 1087 813 1145; x_wconf 87' lang='grc' dir='ltr'><strong>(Ο.</strong></span> <span class='ocrx_word' id='word_1_90' title='bbox 846 1084 927 1144; x_wconf 84' lang='grc'><strong>14)</strong></span> <span class='ocrx_word' id='word_1_91' title='bbox 962 1090 1165 1143; x_wconf 86' lang='lat' dir='ltr'><strong>recepta:</strong></span> <span class='ocrx_word' id='word_1_92' title='bbox 1227 1085 1438 1142; x_wconf 80' lang='grc' dir='ltr'><strong><em>Ἀγλαΐα,</em></strong></span> <span class='ocrx_word' id='word_1_93' title='bbox 1490 1084 1768 1145; x_wconf 74' lang='grc' dir='ltr'><strong>Εὕφροσύνη,</strong></span> 
     </span>
     <span class='ocr_line' id='line_1_13' title="bbox 189 1158 1769 1215; baseline 0 -13"><span class='ocrx_word' id='word_1_94' title='bbox 189 1158 353 1202; x_wconf 79' lang='grc' dir='ltr'><strong><em>Θαλία.</em></strong></span> <span class='ocrx_word' id='word_1_95' title='bbox 417 1158 559 1203; x_wconf 81' lang='lat' dir='ltr'><strong>Recte</strong></span> <span class='ocrx_word' id='word_1_96' title='bbox 600 1159 712 1203; x_wconf 90' lang='lat' dir='ltr'><strong>haec</strong></span> <span class='ocrx_word' id='word_1_97' title='bbox 753 1158 931 1203; x_wconf 91' lang='lat' dir='ltr'><strong>nomina</strong></span> <span class='ocrx_word' id='word_1_98' title='bbox 972 1158 1017 1204; x_wconf 80' lang='lat' dir='ltr'><strong>O.</strong></span> <span class='ocrx_word' id='word_1_99' title='bbox 1032 1163 1035 1166; x_wconf 77' lang='grc'><strong>“</strong></span> <span class='ocrx_word' id='word_1_100' title='bbox 1050 1159 1101 1204; x_wconf 93' lang='grc' dir='ltr'><strong>Ο.</strong></span> <span class='ocrx_word' id='word_1_101' title='bbox 1132 1159 1293 1204; x_wconf 83' lang='lat' dir='ltr'><strong>Miiller</strong></span> <span class='ocrx_word' id='word_1_102' title='bbox 1337 1159 1657 1215; x_wconf 85' lang='lat' dir='ltr'><strong>interpretatus</strong></span> <span class='ocrx_word' id='word_1_103' title='bbox 1698 1160 1769 1202; x_wconf 87' lang='lat' dir='ltr'><strong>est</strong></span> 
     </span>
     <span class='ocr_line' id='line_1_14' title="bbox 185 1227 1769 1286; baseline -0.001 -13"><span class='ocrx_word' id='word_1_104' title='bbox 185 1230 233 1274; x_wconf 91' lang='lat' dir='ltr'><strong>in</strong></span> <span class='ocrx_word' id='word_1_105' title='bbox 251 1230 364 1273; x_wconf 90' lang='lat' dir='ltr'><strong>libro</strong></span> <span class='ocrx_word' id='word_1_106' title='bbox 397 1230 471 1284; x_wconf 90' lang='lat' dir='ltr'><strong>qui</strong></span> <span class='ocrx_word' id='word_1_107' title='bbox 501 1229 760 1274; x_wconf 80' lang='lat' dir='ltr'><strong>inscribitur</strong></span> <span class='ocrx_word' id='word_1_108' title='bbox 783 1230 1109 1286; x_wconf 82' lang='lat' dir='ltr'><strong>„Orchomenos</strong></span> <span class='ocrx_word' id='word_1_109' title='bbox 1131 1231 1221 1274; x_wconf 91' lang='lat' dir='ltr'><strong>und</strong></span> <span class='ocrx_word' id='word_1_110' title='bbox 1242 1230 1312 1275; x_wconf 91' lang='lat' dir='ltr'><strong>die</strong></span> <span class='ocrx_word' id='word_1_111' title='bbox 1333 1230 1533 1286; x_wconf 81' lang='lat' dir='ltr'><strong>Minyer“</strong></span> <span class='ocrx_word' id='word_1_112' title='bbox 1560 1228 1621 1286; x_wconf 88' lang='lat' dir='ltr'><strong>(p.</strong></span> <span class='ocrx_word' id='word_1_113' title='bbox 1639 1227 1769 1281; x_wconf 85' lang='grc'>179);</span> 
     </span>
     <span class='ocr_line' id='line_1_15' title="bbox 190 1294 1770 1363; baseline 0 -17"><span class='ocrx_word' id='word_1_114' title='bbox 190 1294 291 1358; x_wconf 82' lang='lat' dir='ltr'><strong>„Sie</strong></span> <span class='ocrx_word' id='word_1_115' title='bbox 312 1301 581 1347; x_wconf 89' lang='lat' dir='ltr'><strong>bezeichnen</strong></span> <span class='ocrx_word' id='word_1_116' title='bbox 604 1337 613 1347; x_wconf 93' lang='lat'>.</span> <span class='ocrx_word' id='word_1_117' title='bbox 637 1336 647 1346; x_wconf 94' lang='lat'>.</span> <span class='ocrx_word' id='word_1_118' title='bbox 671 1336 681 1348; x_wconf 92' lang='lat'>.</span> <span class='ocrx_word' id='word_1_119' title='bbox 703 1302 789 1347; x_wconf 91' lang='lat' dir='ltr'><strong>den</strong></span> <span class='ocrx_word' id='word_1_120' title='bbox 809 1301 1048 1363; x_wconf 82' lang='lat' dir='ltr'><strong>festlichen</strong></span> <span class='ocrx_word' id='word_1_121' title='bbox 1068 1302 1224 1357; x_wconf 91' lang='lat' dir='ltr'><strong>Glanz,</strong></span> <span class='ocrx_word' id='word_1_122' title='bbox 1256 1302 1326 1347; x_wconf 90' lang='lat' dir='ltr'><strong>die</strong></span> <span class='ocrx_word' id='word_1_123' title='bbox 1347 1301 1573 1347; x_wconf 86' lang='lat' dir='ltr'><strong>feierliche</strong></span> <span class='ocrx_word' id='word_1_124' title='bbox 1594 1301 1770 1347; x_wconf 84' lang='lat' dir='ltr'><strong>Freude</strong></span> 
     </span>
     <span class='ocr_line' id='line_1_16' title="bbox 186 1373 1770 1430; baseline -0.001 -12"><span class='ocrx_word' id='word_1_125' title='bbox 186 1374 277 1418; x_wconf 90' lang='lat' dir='ltr'><strong>und</strong></span> <span class='ocrx_word' id='word_1_126' title='bbox 319 1374 390 1419; x_wconf 91' lang='lat' dir='ltr'><strong>die</strong></span> <span class='ocrx_word' id='word_1_127' title='bbox 430 1374 652 1419; x_wconf 77' lang='lat' dir='ltr'><strong>blfihende</strong></span> <span class='ocrx_word' id='word_1_128' title='bbox 693 1374 809 1419; x_wconf 88' lang='lat' dir='ltr'><strong>Lust</strong></span> <span class='ocrx_word' id='word_1_129' title='bbox 850 1375 929 1419; x_wconf 91' lang='lat' dir='ltr'><strong>des</strong></span> <span class='ocrx_word' id='word_1_130' title='bbox 969 1375 1159 1430; x_wconf 88' lang='lat' dir='ltr'><strong>Mahls“,</strong></span> <span class='ocrx_word' id='word_1_131' title='bbox 1200 1374 1287 1420; x_wconf 89' lang='lat' dir='ltr'><strong>nisi</strong></span> <span class='ocrx_word' id='word_1_132' title='bbox 1328 1374 1443 1430; x_wconf 87' lang='lat' dir='ltr'><strong>quod</strong></span> <span class='ocrx_word' id='word_1_133' title='bbox 1483 1373 1685 1418; x_wconf 81' lang='lat' dir='ltr'><strong>Thaliam</strong></span> <span class='ocrx_word' id='word_1_134' title='bbox 1724 1373 1770 1417; x_wconf 93' lang='lat' dir='ltr'><strong>in</strong></span> 
     </span>
     <span class='ocr_line' id='line_1_17' title="bbox 186 1445 1773 1505; baseline -0.001 -13"><span class='ocrx_word' id='word_1_135' title='bbox 186 1446 443 1493; x_wconf 83' lang='lat' dir='ltr'><strong>universum</strong></span> <span class='ocrx_word' id='word_1_136' title='bbox 483 1446 737 1505; x_wconf 83' lang='lat' dir='ltr'><strong>significare</strong></span> <span class='ocrx_word' id='word_1_137' title='bbox 779 1446 963 1492; x_wconf 82' lang='lat' dir='ltr'><strong>dixerim</strong></span> <span class='ocrx_word' id='word_1_138' title='bbox 1005 1446 1102 1504; x_wconf 92' lang='lat' dir='ltr'><strong>„die</strong></span> <span class='ocrx_word' id='word_1_139' title='bbox 1133 1446 1353 1492; x_wconf 80' lang='lat' dir='ltr'><strong>bliihende</strong></span> <span class='ocrx_word' id='word_1_140' title='bbox 1382 1446 1538 1493; x_wconf 85' lang='lat' dir='ltr'><strong>Lust“.</strong></span> <span class='ocrx_word' id='word_1_141' title='bbox 1599 1445 1773 1491; x_wconf 86' lang='lat' dir='ltr'><strong>Usener</strong></span> 
     </span>
     <span class='ocr_line' id='line_1_18' title="bbox 186 1513 1771 1576; baseline -0.002 -13"><span class='ocrx_word' id='word_1_142' title='bbox 186 1513 531 1575; x_wconf 69' lang='lat' dir='ltr'><strong>(Gotternamen</strong></span> <span class='ocrx_word' id='word_1_143' title='bbox 582 1533 624 1575; x_wconf 89' lang='lat' dir='ltr'><strong>p.</strong></span> <span class='ocrx_word' id='word_1_144' title='bbox 660 1517 878 1576; x_wconf 77' lang='lat' dir='ltr'>134s135)</span> <span class='ocrx_word' id='word_1_145' title='bbox 930 1519 1107 1564; x_wconf 89' lang='lat' dir='ltr'><strong>nomina</strong></span> <span class='ocrx_word' id='word_1_146' title='bbox 1156 1518 1368 1573; x_wconf 76' lang='grc' dir='ltr'><strong><em>Ἀγλαΐας</em></strong></span> <span class='ocrx_word' id='word_1_147' title='bbox 1419 1521 1466 1563; x_wconf 89' lang='lat' dir='ltr'><strong>et</strong></span> <span class='ocrx_word' id='word_1_148' title='bbox 1519 1517 1694 1569; x_wconf 78' lang='grc' dir='ltr'><strong><em>Θαλίας</em></strong></span> <span class='ocrx_word' id='word_1_149' title='bbox 1746 1531 1771 1561; x_wconf 87' lang='grc'>0</span> 
     </span>
     <span class='ocr_line' id='line_1_19' title="bbox 187 1588 1772 1647; baseline 0 -12"><span class='ocrx_word' id='word_1_150' title='bbox 187 1592 352 1636; x_wconf 90' lang='lat' dir='ltr'><strong>natura</strong></span> <span class='ocrx_word' id='word_1_151' title='bbox 396 1590 477 1636; x_wconf 90' lang='lat' dir='ltr'><strong>illa</strong></span> <span class='ocrx_word' id='word_1_152' title='bbox 521 1590 712 1647; x_wconf 87' lang='lat' dir='ltr'><strong>pristina</strong></span> <span class='ocrx_word' id='word_1_153' title='bbox 756 1591 936 1636; x_wconf 89' lang='lat' dir='ltr'><strong>dearum</strong></span> <span class='ocrx_word' id='word_1_154' title='bbox 982 1591 1230 1637; x_wconf 82' lang='lat' dir='ltr'><strong>fertilitatis</strong></span> <span class='ocrx_word' id='word_1_155' title='bbox 1275 1588 1461 1638; x_wconf 88' lang='lat' dir='ltr'><strong>inventa</strong></span> <span class='ocrx_word' id='word_1_156' title='bbox 1506 1603 1606 1636; x_wconf 91' lang='lat' dir='ltr'><strong>esse</strong></span> <span class='ocrx_word' id='word_1_157' title='bbox 1653 1590 1772 1645; x_wconf 89' lang='lat' dir='ltr'><strong>dicit,</strong></span> 
     </span>
     <span class='ocr_line' id='line_1_20' title="bbox 189 1656 1773 1719; baseline 0 -13"><span class='ocrx_word' id='word_1_158' title='bbox 189 1662 288 1706; x_wconf 85' lang='lat' dir='ltr'><strong>cum</strong></span> <span class='ocrx_word' id='word_1_159' title='bbox 321 1662 473 1705; x_wconf 81' lang='grc' dir='ltr'><strong><em>Θαλία</em></strong></span> <span class='ocrx_word' id='word_1_160' title='bbox 506 1662 566 1707; x_wconf 90' lang='lat' dir='ltr'><strong>sit</strong></span> <span class='ocrx_word' id='word_1_161' title='bbox 597 1656 682 1707; x_wconf 88' lang='lat' dir='ltr'><strong>dea</strong></span> <span class='ocrx_word' id='word_1_162' title='bbox 711 1662 889 1719; x_wconf 83' lang='lat' dir='ltr'><strong>frugum</strong></span> <span class='ocrx_word' id='word_1_163' title='bbox 920 1662 1234 1716; x_wconf 85' lang='lat' dir='ltr'><strong>enascentium,</strong></span> <span class='ocrx_word' id='word_1_164' title='bbox 1265 1661 1452 1716; x_wconf 78' lang='grc' dir='ltr'><strong><em>Ἀγλαΐα</em></strong></span> <span class='ocrx_word' id='word_1_165' title='bbox 1489 1662 1664 1718; x_wconf 90' lang='lat' dir='ltr'><strong>„clara“</strong></span> <span class='ocrx_word' id='word_1_166' title='bbox 1699 1662 1773 1707; x_wconf 86' lang='lat' dir='ltr'><strong>vel</strong></span> 
     </span>
     <span class='ocr_line' id='line_1_21' title="bbox 193 1733 1772 1798; baseline -0.001 -21"><span class='ocrx_word' id='word_1_167' title='bbox 193 1733 410 1789; x_wconf 87' lang='lat' dir='ltr'><strong>„lucida“,</strong></span> <span class='ocrx_word' id='word_1_168' title='bbox 453 1746 509 1778; x_wconf 91' lang='lat' dir='ltr'><strong>ex</strong></span> <span class='ocrx_word' id='word_1_169' title='bbox 550 1746 638 1788; x_wconf 88' lang='lat' dir='ltr'><strong>qua</strong></span> <span class='ocrx_word' id='word_1_170' title='bbox 679 1733 903 1789; x_wconf 79' lang='lat' dir='ltr'><strong>agricolae</strong></span> <span class='ocrx_word' id='word_1_171' title='bbox 944 1746 1148 1778; x_wconf 87' lang='lat' dir='ltr'><strong>serenum</strong></span> <span class='ocrx_word' id='word_1_172' title='bbox 1189 1733 1289 1778; x_wconf 93' lang='lat' dir='ltr'><strong>olim</strong></span> <span class='ocrx_word' id='word_1_173' title='bbox 1333 1733 1503 1798; x_wconf 79' lang='lat' dir='ltr'><strong>caelum</strong></span> <span class='ocrx_word' id='word_1_174' title='bbox 1549 1735 1596 1777; x_wconf 93' lang='lat' dir='ltr'><strong>et</strong></span> <span class='ocrx_word' id='word_1_175' title='bbox 1635 1733 1772 1777; x_wconf 89' lang='lat' dir='ltr'><strong>solem</strong></span> 
     </span>
     <span class='ocr_line' id='line_1_22' title="bbox 187 1802 1774 1860; baseline 0 -12"><span class='ocrx_word' id='word_1_176' title='bbox 187 1803 442 1860; x_wconf 84' lang='lat' dir='ltr'><strong>petiverint.</strong></span> <span class='ocrx_word' id='word_1_177' title='bbox 502 1803 722 1850; x_wconf 87' lang='lat' dir='ltr'><strong>Pindarus</strong></span> <span class='ocrx_word' id='word_1_178' title='bbox 753 1807 874 1850; x_wconf 89' lang='lat' dir='ltr'><strong>certe</strong></span> <span class='ocrx_word' id='word_1_179' title='bbox 905 1805 1017 1850; x_wconf 89' lang='lat' dir='ltr'><strong>haec</strong></span> <span class='ocrx_word' id='word_1_180' title='bbox 1048 1805 1226 1850; x_wconf 87' lang='lat' dir='ltr'><strong>nomina</strong></span> <span class='ocrx_word' id='word_1_181' title='bbox 1265 1817 1353 1849; x_wconf 94' lang='lat' dir='ltr'><strong>non</strong></span> <span class='ocrx_word' id='word_1_182' title='bbox 1390 1805 1458 1849; x_wconf 90' lang='lat' dir='ltr'><strong>ita</strong></span> <span class='ocrx_word' id='word_1_183' title='bbox 1488 1804 1568 1849; x_wconf 91' lang='lat' dir='ltr'><strong>sed</strong></span> <span class='ocrx_word' id='word_1_184' title='bbox 1597 1802 1774 1848; x_wconf 77' lang='lat' dir='ltr'><strong>Miilleri</strong></span> 
     </span>
     <span class='ocr_line' id='line_1_23' title="bbox 188 1875 1774 1933; baseline -0.001 -12"><span class='ocrx_word' id='word_1_185' title='bbox 188 1875 363 1921; x_wconf 89' lang='lat' dir='ltr'><strong>ratione</strong></span> <span class='ocrx_word' id='word_1_186' title='bbox 407 1875 642 1921; x_wconf 85' lang='lat' dir='ltr'><strong>intellexit.</strong></span> <span class='ocrx_word' id='word_1_187' title='bbox 702 1877 816 1922; x_wconf 90' lang='lat' dir='ltr'><strong>Nam</strong></span> <span class='ocrx_word' id='word_1_188' title='bbox 863 1878 981 1933; x_wconf 86' lang='lat' dir='ltr'><strong>apud</strong></span> <span class='ocrx_word' id='word_1_189' title='bbox 1021 1877 1283 1932; x_wconf 89' lang='lat' dir='ltr'><strong>Pindarum,</strong></span> <span class='ocrx_word' id='word_1_190' title='bbox 1331 1877 1424 1932; x_wconf 87' lang='grc'>(1111,</span> <span class='ocrx_word' id='word_1_191' title='bbox 1473 1889 1571 1921; x_wconf 87' lang='grc'>011111</span> <span class='ocrx_word' id='word_1_192' title='bbox 1617 1875 1774 1930; x_wconf 91' lang='lat' dir='ltr'><strong>reliqui</strong></span> 
     </span>
     <span class='ocr_line' id='line_1_24' title="bbox 190 1948 1775 2005; baseline -0.001 -12"><span class='ocrx_word' id='word_1_193' title='bbox 190 1951 350 2004; x_wconf 88' lang='lat' dir='ltr'><strong>poetae</strong></span> <span class='ocrx_word' id='word_1_194' title='bbox 400 1948 530 2005; x_wconf 87' lang='lat' dir='ltr'><strong>lyrici</strong></span> <span class='ocrx_word' id='word_1_195' title='bbox 587 1948 765 2005; x_wconf 86' lang='lat' dir='ltr'><strong>singula</strong></span> <span class='ocrx_word' id='word_1_196' title='bbox 816 1949 1073 1994; x_wconf 88' lang='lat' dir='ltr'><strong>Gratiarum</strong></span> <span class='ocrx_word' id='word_1_197' title='bbox 1134 1949 1312 1994; x_wconf 88' lang='lat' dir='ltr'><strong>nomina</strong></span> <span class='ocrx_word' id='word_1_198' title='bbox 1371 1962 1461 1994; x_wconf 92' lang='lat' dir='ltr'><strong>non</strong></span> <span class='ocrx_word' id='word_1_199' title='bbox 1522 1948 1775 2001; x_wconf 87' lang='lat' dir='ltr'><strong>adhibeant,</strong></span> 
     </span>
     <span class='ocr_line' id='line_1_25' title="bbox 190 2016 1774 2073; baseline -0.001 -9"><span class='ocrx_word' id='word_1_200' title='bbox 190 2016 385 2064; x_wconf 88' lang='lat' dir='ltr'><strong>summus</strong></span> <span class='ocrx_word' id='word_1_201' title='bbox 427 2020 553 2064; x_wconf 92' lang='lat' dir='ltr'><strong>nobis</strong></span> <span class='ocrx_word' id='word_1_202' title='bbox 595 2020 727 2064; x_wconf 88' lang='lat' dir='ltr'><strong>testis</strong></span> <span class='ocrx_word' id='word_1_203' title='bbox 770 2024 840 2064; x_wconf 89' lang='lat' dir='ltr'><strong>est</strong></span> <span class='ocrx_word' id='word_1_204' title='bbox 881 2020 1010 2065; x_wconf 84' lang='lat' dir='ltr'><strong>huius</strong></span> <span class='ocrx_word' id='word_1_205' title='bbox 1052 2021 1310 2065; x_wconf 87' lang='lat' dir='ltr'><strong>Gratiarum</strong></span> <span class='ocrx_word' id='word_1_206' title='bbox 1351 2022 1561 2073; x_wconf 88' lang='lat' dir='ltr'><strong>naturae,</strong></span> <span class='ocrx_word' id='word_1_207' title='bbox 1602 2019 1774 2063; x_wconf 88' lang='lat' dir='ltr'><strong>illorum</strong></span> 
     </span>
     <span class='ocr_line' id='line_1_26' title="bbox 190 2091 1622 2149; baseline -0.001 -12"><span class='ocrx_word' id='word_1_208' title='bbox 190 2091 505 2137; x_wconf 86' lang='lat' dir='ltr'><strong>vocabulorum</strong></span> <span class='ocrx_word' id='word_1_209' title='bbox 536 2092 739 2149; x_wconf 88' lang='lat' dir='ltr'><strong>exempla</strong></span> <span class='ocrx_word' id='word_1_210' title='bbox 770 2094 818 2137; x_wconf 89' lang='lat' dir='ltr'><strong>et</strong></span> <span class='ocrx_word' id='word_1_211' title='bbox 849 2092 1168 2149; x_wconf 88' lang='lat' dir='ltr'><strong>explicationes</strong></span> <span class='ocrx_word' id='word_1_212' title='bbox 1199 2093 1284 2138; x_wconf 90' lang='lat' dir='ltr'><strong>hae</strong></span> <span class='ocrx_word' id='word_1_213' title='bbox 1315 2091 1622 2138; x_wconf 85' lang='lat' dir='ltr'><strong>inveniuntur:</strong></span> 
     </span>
    </p>

    <p class='ocr_par' dir='ltr' id='par_1_3' title="bbox 190 2160 1790 2434">
     <span class='ocr_line' id='line_1_27' title="bbox 190 2160 1679 2220; baseline -0.001 -14"><span class='ocrx_word' id='word_1_214' title='bbox 190 2164 240 2207; x_wconf 90' lang='lat' dir='ltr'><strong>P.</strong></span> <span class='ocrx_word' id='word_1_215' title='bbox 272 2162 312 2216; x_wconf 92' lang='grc'><strong>1,</strong></span> <span class='ocrx_word' id='word_1_216' title='bbox 343 2162 393 2207; x_wconf 83' lang='lat'><strong>2:</strong></span> <span class='ocrx_word' id='word_1_217' title='bbox 424 2166 507 2213; x_wconf 80' lang='grc' dir='ltr'><em>τοῖς</em></span> <span class='ocrx_word' id='word_1_218' title='bbox 541 2164 621 2218; x_wconf 81' lang='lat' dir='ltr'><strong>(sc.</strong></span> <span class='ocrx_word' id='word_1_219' title='bbox 652 2164 814 2220; x_wconf 81' lang='grc' dir='ltr'><strong><em>λύρας)</em></strong></span> <span class='ocrx_word' id='word_1_220' title='bbox 847 2162 1001 2206; x_wconf 75' lang='grc' dir='ltr'><strong><em>α’κοῦει</em></strong></span> <span class='ocrx_word' id='word_1_221' title='bbox 1032 2167 1116 2219; x_wconf 79' lang='grc' dir='ltr'><strong>μὲν</strong></span> <span class='ocrx_word' id='word_1_222' title='bbox 1147 2165 1282 2215; x_wconf 78' lang='grc' dir='ltr'><strong><em>βάσις</em></strong></span> <span class='ocrx_word' id='word_1_223' title='bbox 1315 2162 1511 2216; x_wconf 67' lang='grc' dir='ltr'><strong><em>ἀγλαΐας</em></strong></span> <span class='ocrx_word' id='word_1_224' title='bbox 1543 2160 1679 2220; x_wconf 71' lang='grc' dir='ltr'><strong>ἄρχοῖ,</strong></span> 
     </span>
     <span class='ocr_line' id='line_1_28' title="bbox 193 2232 1790 2294; baseline -0.002 -15"><span class='ocrx_word' id='word_1_225' title='bbox 193 2247 290 2279; x_wconf 80' lang='lat' dir='ltr'><strong>cum</strong></span> <span class='ocrx_word' id='word_1_226' title='bbox 313 2235 449 2281; x_wconf 79' lang='lat' dir='ltr'><strong>schol.</strong></span> <span class='ocrx_word' id='word_1_227' title='bbox 473 2233 565 2293; x_wconf 87' lang='lat'><strong>(4):</strong></span> <span class='ocrx_word' id='word_1_228' title='bbox 598 2232 694 2293; x_wconf 75' lang='grc' dir='ltr'><strong><em>ἤτοι</em></strong></span> <span class='ocrx_word' id='word_1_229' title='bbox 728 2232 931 2290; x_wconf 75' lang='grc' dir='ltr'><strong><em>οἷνλαΐαν</em></strong></span> <span class='ocrx_word' id='word_1_230' title='bbox 963 2234 1046 2294; x_wconf 73' lang='grc' dir='ltr'><strong>τήν</strong></span> <span class='ocrx_word' id='word_1_231' title='bbox 1079 2234 1198 2278; x_wconf 72' lang='grc' dir='ltr'><strong><em>κατα</em></strong></span> <span class='ocrx_word' id='word_1_232' title='bbox 1232 2233 1315 2286; x_wconf 76' lang='grc' dir='ltr'><strong><em>τοὶς</em></strong></span> <span class='ocrx_word' id='word_1_233' title='bbox 1344 2233 1628 2292; x_wconf 77' lang='grc' dir='ltr'><strong><em>πανηγύρεις,</em></strong></span> <span class='ocrx_word' id='word_1_234' title='bbox 1661 2237 1790 2282; x_wconf 71' lang='grc' dir='ltr'><strong><em>καθ’,</em></strong></span> 
     </span>
     <span class='ocr_line' id='line_1_29' title="bbox 193 2300 1773 2364; baseline -0.001 -15"><span class='ocrx_word' id='word_1_235' title='bbox 193 2305 250 2363; x_wconf 73' lang='grc' dir='ltr'><strong>ἢν</strong></span> <span class='ocrx_word' id='word_1_236' title='bbox 284 2306 452 2357; x_wconf 80' lang='grc' dir='ltr'><strong><em>πάντες</em></strong></span> <span class='ocrx_word' id='word_1_237' title='bbox 483 2300 727 2361; x_wconf 77' lang='grc' dir='ltr'><strong><em>γάνύμενοι</em></strong></span> <span class='ocrx_word' id='word_1_238' title='bbox 760 2307 1045 2364; x_wconf 71' lang='grc' dir='ltr'><strong><em>τερπόμεθα,</em></strong></span> <span class='ocrx_word' id='word_1_239' title='bbox 1089 2304 1120 2364; x_wconf 77' lang='grc' dir='ltr'><em>ἢ</em></span> <span class='ocrx_word' id='word_1_240' title='bbox 1150 2306 1234 2364; x_wconf 79' lang='grc' dir='ltr'><strong>τήν</strong></span> <span class='ocrx_word' id='word_1_241' title='bbox 1267 2305 1476 2361; x_wconf 76' lang='grc' dir='ltr'><strong><em>διάχυσιν</em></strong></span> <span class='ocrx_word' id='word_1_242' title='bbox 1507 2311 1584 2348; x_wconf 76' lang='grc' dir='ltr'><strong><em>καῖ</em></strong></span> <span class='ocrx_word' id='word_1_243' title='bbox 1624 2303 1773 2363; x_wconf 72' lang='grc' dir='ltr'><em>εὐφρο-</em></span> 
     </span>
     <span class='ocr_line' id='line_1_30' title="bbox 194 2376 346 2434; baseline 0 -14"><span class='ocrx_word' id='word_1_244' title='bbox 194 2376 346 2434; x_wconf 77' lang='grc' dir='ltr'><em>σύνην.</em></span> 
     </span>
    </p>

    <p class='ocr_par' dir='ltr' id='par_1_4' title="bbox 192 2445 1788 2652">
     <span class='ocr_line' id='line_1_31' title="bbox 192 2445 1788 2505; baseline -0.001 -13"><span class='ocrx_word' id='word_1_245' title='bbox 192 2449 242 2493; x_wconf 89' lang='grc' dir='ltr'><strong>Ρ.</strong></span> <span class='ocrx_word' id='word_1_246' title='bbox 276 2447 316 2502; x_wconf 90' lang='grc'><strong>1,</strong></span> <span class='ocrx_word' id='word_1_247' title='bbox 338 2446 419 2492; x_wconf 85' lang='lat'><strong>38:</strong></span> <span class='ocrx_word' id='word_1_248' title='bbox 451 2452 528 2489; x_wconf 78' lang='grc' dir='ltr'><strong><em>καὶ</em></strong></span> <span class='ocrx_word' id='word_1_249' title='bbox 560 2446 891 2504; x_wconf 72' lang='grc' dir='ltr'><strong><em>σύν-εὐφώνοις</em></strong></span> <span class='ocrx_word' id='word_1_250' title='bbox 924 2448 1118 2499; x_wconf 74' lang='grc' dir='ltr'><strong><em>θαλίαις</em></strong></span> <span class='ocrx_word' id='word_1_251' title='bbox 1153 2445 1413 2503; x_wconf 80' lang='grc' dir='ltr'><strong><em>ὅνομαστοῖν</em></strong></span> <span class='ocrx_word' id='word_1_252' title='bbox 1451 2448 1530 2505; x_wconf 82' lang='lat' dir='ltr'><strong>(sc.</strong></span> <span class='ocrx_word' id='word_1_253' title='bbox 1563 2449 1788 2497; x_wconf 77' lang='grc' dir='ltr'><strong><em>Αἴτναν),-</em></strong></span> 
     </span>
     <span class='ocr_line' id='line_1_32' title="bbox 194 2516 1776 2577; baseline -0.002 -13"><span class='ocrx_word' id='word_1_254' title='bbox 194 2532 294 2565; x_wconf 78' lang='lat' dir='ltr'><strong>cum</strong></span> <span class='ocrx_word' id='word_1_255' title='bbox 325 2519 461 2565; x_wconf 78' lang='lat' dir='ltr'><strong>schol.</strong></span> <span class='ocrx_word' id='word_1_256' title='bbox 494 2517 616 2576; x_wconf 83' lang='lat'>(69):</span> <span class='ocrx_word' id='word_1_257' title='bbox 661 2525 737 2562; x_wconf 74' lang='grc' dir='ltr'><strong><em>καὶ</em></strong></span> <span class='ocrx_word' id='word_1_258' title='bbox 786 2519 869 2564; x_wconf 72' lang='grc' dir='ltr'><strong>σῦν</strong></span> <span class='ocrx_word' id='word_1_259' title='bbox 916 2519 1111 2571; x_wconf 75' lang='grc' dir='ltr'><strong><em>θαλίαις</em></strong></span> <span class='ocrx_word' id='word_1_260' title='bbox 1158 2525 1236 2563; x_wconf 75' lang='grc' dir='ltr'><strong><em>καὶ</em></strong></span> <span class='ocrx_word' id='word_1_261' title='bbox 1282 2520 1443 2575; x_wconf 78' lang='grc' dir='ltr'><strong><em>κώμοις</em></strong></span> <span class='ocrx_word' id='word_1_262' title='bbox 1486 2517 1640 2577; x_wconf 74' lang='grc' dir='ltr'><strong><em>ἡδέσιν</em></strong></span> <span class='ocrx_word' id='word_1_263' title='bbox 1684 2516 1776 2562; x_wconf 75' lang='grc' dir='ltr'><strong><em>ὅνο-</em></strong></span> 
     </span>
     <span class='ocr_line' id='line_1_33' title="bbox 192 2591 385 2652; baseline 0.005 -18"><span class='ocrx_word' id='word_1_264' title='bbox 192 2591 385 2652; x_wconf 81' lang='grc' dir='ltr'><strong><em>μαστήν.</em></strong></span> 
     </span>
    </p>

    <p class='ocr_par' dir='ltr' id='par_1_5' title="bbox 194 2661 1779 2862">
     <span class='ocr_line' id='line_1_34' title="bbox 315 2661 1778 2719; baseline -0.001 -11"><span class='ocrx_word' id='word_1_265' title='bbox 315 2663 474 2718; x_wconf 87' lang='lat' dir='ltr'><strong>Itaque</strong></span> <span class='ocrx_word' id='word_1_266' title='bbox 521 2675 611 2706; x_wconf 90' lang='lat' dir='ltr'><strong>non</strong></span> <span class='ocrx_word' id='word_1_267' title='bbox 657 2676 682 2706; x_wconf 94' lang='lat' dir='ltr'><strong>e</strong></span> <span class='ocrx_word' id='word_1_268' title='bbox 728 2662 876 2719; x_wconf 87' lang='lat' dir='ltr'><strong>prisca</strong></span> <span class='ocrx_word' id='word_1_269' title='bbox 922 2663 1112 2718; x_wconf 87' lang='lat' dir='ltr'><strong>quadam</strong></span> <span class='ocrx_word' id='word_1_270' title='bbox 1160 2662 1339 2707; x_wconf 90' lang='lat' dir='ltr'><strong>notione</strong></span> <span class='ocrx_word' id='word_1_271' title='bbox 1391 2675 1504 2717; x_wconf 87' lang='lat' dir='ltr'><strong>quae</strong></span> <span class='ocrx_word' id='word_1_272' title='bbox 1554 2661 1778 2707; x_wconf 89' lang='lat' dir='ltr'><strong>radicibus</strong></span> 
     </span>
     <span class='ocr_line' id='line_1_35' title="bbox 194 2733 1778 2790; baseline -0.001 -10"><span class='ocrx_word' id='word_1_273' title='bbox 194 2735 509 2781; x_wconf 86' lang='lat' dir='ltr'><strong>vocabulorum</strong></span> <span class='ocrx_word' id='word_1_274' title='bbox 570 2733 690 2778; x_wconf 91' lang='lat' dir='ltr'><strong>inest</strong></span> <span class='ocrx_word' id='word_1_275' title='bbox 750 2734 904 2778; x_wconf 89' lang='lat' dir='ltr'><strong>horum</strong></span> <span class='ocrx_word' id='word_1_276' title='bbox 964 2734 1184 2779; x_wconf 91' lang='lat' dir='ltr'><strong>nominum</strong></span> <span class='ocrx_word' id='word_1_277' title='bbox 1246 2733 1592 2790; x_wconf 86' lang='lat' dir='ltr'><strong>significationes</strong></span> <span class='ocrx_word' id='word_1_278' title='bbox 1642 2733 1778 2778; x_wconf 90' lang='lat' dir='ltr'><strong>inter-</strong></span> 
     </span>
     <span class='ocr_line' id='line_1_36' title="bbox 194 2804 1779 2862; baseline -0.001 -11"><span class='ocrx_word' id='word_1_279' title='bbox 194 2807 443 2862; x_wconf 88' lang='lat' dir='ltr'><strong>pretandae</strong></span> <span class='ocrx_word' id='word_1_280' title='bbox 485 2807 613 2860; x_wconf 88' lang='lat' dir='ltr'><strong>suut,</strong></span> <span class='ocrx_word' id='word_1_281' title='bbox 655 2804 734 2850; x_wconf 89' lang='lat' dir='ltr'><strong>sed</strong></span> <span class='ocrx_word' id='word_1_282' title='bbox 776 2818 889 2860; x_wconf 88' lang='lat' dir='ltr'><strong>quae</strong></span> <span class='ocrx_word' id='word_1_283' title='bbox 930 2805 1132 2851; x_wconf 90' lang='lat' dir='ltr'><strong>notiones</strong></span> <span class='ocrx_word' id='word_1_284' title='bbox 1175 2805 1293 2861; x_wconf 88' lang='lat' dir='ltr'><strong>apud</strong></span> <span class='ocrx_word' id='word_1_285' title='bbox 1324 2805 1399 2850; x_wconf 87' lang='lat' dir='ltr'><strong>eos</strong></span> <span class='ocrx_word' id='word_1_286' title='bbox 1431 2805 1628 2851; x_wconf 88' lang='lat' dir='ltr'><strong>homiues</strong></span> <span class='ocrx_word' id='word_1_287' title='bbox 1659 2805 1779 2860; x_wconf 89' lang='lat' dir='ltr'><strong>ipsos</strong></span> 
     </span>
    </p>
   </div>
  </div>
 </body>
</html>
