2001 3296
205 360 319 404 haee
358 360 571 405 reddendi
616 359 721 416 (vel
748 358 1158 423 remunerationis)
1180 359 1305 404 notio
1329 359 1398 404 ‘in
1437 359 1534 416 ipso
1574 360 1789 411 vocabulo

205 430 336 490 χάρις
368 444 457 477 ιιοιι
487 430 689 487 sentitur,
720 432 801 478 sed
830 431 918 478 isto
950 429 983 476 οἷ
994 437 1084 477 ντὶ
1109 430 1257 483 ’τῶνδε
1289 430 1409 476 δοῖεν
1440 431 1711 489 exprimitur.
1733 451 1744 464 -’

325 516 525 571 Reliquis
554 513 664 560 loeis
685 515 932 562 Homeriois
963 515 1039 561 ubi
1068 515 1154 572 ipsi
1184 516 1400 561 voeabulo
1431 516 1562 575 χάρις
1592 519 1791 563 remune-

205 588 395 634 rationis
436 588 560 634 notio
600 586 804 634 videtur·
818 588 966 635 inesse
1008 587 1182 634 omnino
1223 601 1311 633 non
1353 587 1502 646 agitur
1547 589 1614 636 de
1643 588 1793 648 gratia

205 660 445 714 reddenda,
476 660 555 705 sed
587 659 657 704 de
671 659 773 716 ipsa
802 659 1131 734 gratificatione
1162 658 1255 717 (vel
1286 672 1337 704 re
1367 658 1543 738 grata):
1616 664 1619 666 ’

206 745 260 789 Il.
290 744 332 800 9,
364 743 450 789 316
465 741 780 802 1);ο·υτίἒμιὲ“
805 748 847 799 γ’
868 743 1093 803 Ἀτρεΐδην
1124 741 1435 800 Ἀγαμέμνονα
1465 734 1680 832 πεισέμεν
1712 737 1788 789 οἴω

353 813 446 860 οὔτ’
477 803 645 868 ἄλλους
672 816 899 879 Δαναούς,
931 815 1031 860 ἐπεὶ
1064 813 1145 860 ουίε
1176 831 1269 875 αρα
1300 832 1368 867 τις
1398 815 1529 876 χάρις
1561 802 1642 875 ηεν

297 888 625 951 μάρνασθαι
658 875 849 947 δηίοισιν
878 888 953 933 ἐπ’
985 886 1182 952 α’νδράσι
1213 878 1408 946 νωλεμὲς
1439 891 1536 933 αἰεί

206 944 519 1030 intelligendus
550 976 663 1019 esti·
688 961 857 1031 „quod
871 973 1078 1019 continuo
1120 986 1218 1041 oum
1251 973 1454 1044 hostibus
1484 973 1792 1032 pugnavimus,

205 1058 279 1106 res
323 1048 457 1107 grata
503 1044 790 1103 (laetificans)
836 1045 1155 1103 Agamemnoni
1196 1038 1289 1090 ιιοιι
1335 1037 1482 1101 erat“;
1533 1047 1648 1101 quod
1694 1058 1792 1091 oum

204 1115 348 1162 ironia
389 1116 571 1170 dicitur,
613 1130 716 1163 nam
756 1129 830 1184 res
871 1119 1006 1175 grata
1047 1119 1176 1173 erat,
1210 1115 1290 1163 sed
1329 1129 1447 1163 nuno
1487 1129 1575 1163 non
1614 1116 1793 1164 videtur

205 1188 347 1233 fuisse
377 1188 505 1234 irato.

205 1271 262 1321 ef.
292 1272 345 1318 Il.
378 1271 447 1329 17,
479 1271 590 1319 147:
622 1270 674 1318 οὔ
705 1272 793 1333 γάρ
823 1290 890 1326 τις
916 1277 1099 1318 Λυκίων
1129 1289 1179 1328 γε
1209 1272 1520 1331 μαχησόμενος
1540 1276 1789 1318 Δαναοῖσιν

349 1340 434 1389 εἶσι
466 1351 568 1405 περὶ
601 1346 799 1398 πτόλιος,
833 1345 934 1390 ἐπεὶ
967 1343 1047 1398 οὔκ
1078 1347 1162 1391 etc.

206 1417 287 1464 Od.
318 1417 360 1474 4,
392 1416 479 1463 695
494 1416 554 1476 ¹):
587 1416 689 1462 αλλ’
723 1416 749 1461 o‘
780 1419 865 1475 μὲν
895 1416 1105 1477 υμέτερος
1137 1417 1288 1475 θυμος
1320 1422 1397 1462 και
1429 1415 1587 1462 αἐικέα
1620 1415 1727 1477 ἔργα

349 1496 576 1546 φαίνεται,
609 1488 721 1533 ου’δέ
746 1506 827 1543 τις
838 1488 939 1561 ἔστιῐ
967 1490 1098 1548 χάρις
1137 1490 1385 1548 μετόπισθ’
1398 1488 1644 1548 Ιεὐεργέων.

208 1560 288 1606 Od.
319 1553 391 1616 22,
422 1560 533 1606 319;
565 1559 714 1620 αὕταρ
745 1560 830 1616 ἐγιί
862 1538 976 1618 μετοὶ
1009 1559 1128 1605 τοῖσι
1154 1560 1375 1613 θυοσκόος
1406 1558 1540 1605 ουὸὲν
1570 1559 1729 1620 ἑοργως

351 1639 568 1690 κείσομαι,
602 1650 660 1685 ως
693 1631 773 1677 ov'ae
804 1631 896 1677 ἔστι
927 1633 1058 1691 χάρις
1086 1632 1335 1692 μετόπισθ
1366 1630 1593 1692 ευεργέων.

209 1706 545 1762 „beneficiorum
577 1705 646 1752 vis
676 1705 962 1765 laetificatrix
992 1705 1174 1764 (χάρις)
1198 1708 1385 1763 postea
1388 1705 1518 1765 nulla
1540 1706 1652 1760 est“,
1692 1704 1720 1751 i.
1752 1719 1791 1751 e.

205 1772 416 1826 memoria
445 1790 533 1845 non
564 1780 754 1824 tenetur.
809 1785 813 1790 ’·

324 1853 476 1921 Apud
495 1863 663 1919 lyricos
701 1839 871 1917 quoque
898 1865 1067 1926 poetas
1113 1863 1247 1918 longe
1286 1862 1484 1917 plurimis
1529 1862 1639 1907 loeis
1679 1863 1791 1911 haec

204 1932 572 1994 remunerationis
614 1933 735 1978 notio
761 1920 993 1980 vocabulo
1034 1933 1122 1990 ipsi
1166 1945 1257 1978 non
1296 1932 1532 1988 subicitur,
1578 1933 1659 1979 sed
1701 1932 1790 1977 alia

205 2004 466 2061 exprimitur
493 2003 689 2050 ratione:

204 2088 562 2154 Theogn.1264:
594 2107 628 2133 ω
651 2099 754 2141 παῖ,
779 2086 838 2141 ο“ς
859 2082 913 2134 εὖ
937 2058 1126 2148 ἕρδοντι
1142 2104 1287 2146 κακην
1308 2086 1554 2140 οἷπέδωκας
1577 2078 1788 2146 ἀμοιβήν,

350 2159 461 2205 ovd&
486 2178 553 2213 τις
585 2159 706 2205 ἄντ’
740 2159 989 2215 οἷγαθῶν
1022 2158 1128 2225 ἔστι.
1135 2160 1275 2222 χάρις
1308 2159 1437 2218 παροὶ
1470 2166 1579 2204 σοί.

204 2233 403 2290 Theogn.
437 2231 546 2279 105:
580 2232 755 2295 δειλους
785 2249 835 2278 ευ
870 2232 1043 2292 ἔρδοντι
1073 2231 1356 2290 ματαιοτάτη
1389 2231 1520 2291 χάρις
1549 2231 1692 2281 ἐστίν·

350 2305 446 2349 ἶσον
476 2311 554 2348 καὶ
581 2312 786 2364 ,σπείρειν
817 2304 989 2350 πόντον
1022 2303 1135 2357 οἱλός
1166 2304 1338 2363 πολιῆς.
1374 2340 1383 2349 ,
1409 2339 1418 2348 .
1444 2339 1453 2348 .
1581 2293 1585 2298 ³

352 2379 403 2420 ot·
425 2376 467 2420 δ’
499 2374 675 2432 οἷγαθοῐ
705 2376 758 2421 τό
791 2374 999 2434 μέγιστον
1028 2376 1345 2436 ἐπαυρίσκουσι
1377 2375 1628 2429 παθόντες,

349 2448 596 2506 μνῆμαῖ)
629 2449 671 2493 δ’
703 2447 852 2505 ἔχουῶ
878 2447 1080 2504 άγαθῶν
1110 2455 1188 2493 καὶ
1219 2449 1355 2507 χάριν
1385 2448 1650 2499 ἐξοπίσω.

205 2521 368 2575 Anaor.
391 2518 501 2564 104:
533 2525 640 2578 πριν
660 2523 744 2577 μὲν
760 2520 1037 2579 Καλλιτέλης
1059 2524 1115 2580 μ’
1137 2520 1373 2580 ἱδρύσατο·
1405 2520 1552 2569 τόνδε
1561 2520 1604 2564 δ’
1618 2520 1787 2596 ἐκείνου

269 2613 272 2615 ·
350 2590 522 2646 ἔκγονοι
553 2589 763 2643 ἔστασαν,
794 2602 886 2644 τοῖς
915 2592 1051 2657 χάριν
1082 2590 1116 2656 ά
1128 2609 1217 2637 ντι
1230 2593 1369 2636 δίδου

326 2763 361 2807 1)
388 2760 437 2798 of.
461 2719 708 2804 Doederlein,
734 2733 1002 2797 Homerisehes
1029 2760 1278 2807 Glossarium,
1303 2760 1382 2796 vol.
1399 2760 1416 2795 I
1440 2770 1532 2806 pag.
1548 2759 1631 2796 256.

324 2821 363 2868 2)
390 2821 439 2860 cf.
463 2832 555 2869 pag.
580 2821 604 2859 6
629 2819 718 2863 adn.
738 2821 771 2858 1.
