2001 3296
855 224 1151 269 „64-

209 357 619 414 Theogn.1319¹):
652 351 688 399 ῶ
710 368 809 409 παῖ,
842 356 947 400 ἐπεί
963 374 1028 398 τοι
1058 357 1171 399 δῶκε
1193 357 1285 400 θεοὶ
1319 358 1493 415 χάριν
1525 358 1789 416 ἱμερόεσσαν

357 430 544 487 Κύπρις,
577 429 660 471 σὸν
694 429 735 471 δ’
767 428 883 480 εἶδος
916 431 1030 472 πᾶσι
1064 434 1200 471 νέοισι
1231 429 1369 484 μέλει,

354 501 485 544 τῶνδ’
519 500 770 543 ἐπάκουσον
802 499 925 543 ἐπῶν
958 505 1035 542 καὶ
1067 499 1179 557 ἐμήν
1210 501 1384 559 χάριν
1417 498 1553 543 ἔνθεο
1584 502 1732 558 θυμῷ,

353 572 484 627 γνούς
518 570 611 630 ἔρος
644 570 702 623 ῶς
733 571 952 627 χαλεπόν,
969 578 1141 626 γίνεται
1176 570 1308 630 άνδρῑ
1342 563 1501 630 φέρειν.

330 669 431 713 Sed'
450 681 557 713 casu
593 669 675 712 hoc
717 667 921 712 effectum
961 667 1138 713 videtur
1178 681 1300 723 esse3
1341 681 1442 713 nam
1484 668 1530 712 in
1571 667 1791 713 adiectivo

209 749 379 799 χαρίεις
412 740 670 785 vocabulum
703 739 833 797 χάρις
866 739 983 795 apud
1012 740 1093 784 hos
1126 751 1296 794 quoque
1337 742 1493 795 poetas
1535 739 1792 795 saepissime

207 812 460 857 venustatis
491 808 714 856 notionem
743 811 892 864 habet,
923 813 973 854 ut

209 896 333 951 Tyrt.
366 894 435 948 12,
468 895 520 938 5:
558 893 655 937 οὐδ’
687 899 730 936 εἰ
762 898 988 937 Τιθωνοῖο
1018 895 1135 952 φυήν
1166 900 1441 953 χαριέστερος
1472 896 1537 952 εἴη
1572 929 1581 940 .
1604 929 1614 939 .
1637 929 1646 939 .

210 967 265 1012 cf.
298 967 443 1011 Solon.
478 966 547 1020 13,
577 965 636 1010 40
669 966 732 1022 (p.
764 965 856 1030 21).

328 1063 435 1107 Cum
466 1063 591 1107 Pind.
613 1064 647 1107 I.
670 1061 710 1116 3,
742 1062 769 1106 5
801 1064 862 1121 (p.
895 1061 987 1119 60),
1034 1063 1108 1107 ubi
1141 1063 1336 1108 carmina
1365 1063 1475 1119 ipsa,
1522 1063 1789 1118 quandoqui-

207 1135 305 1179 dem
336 1134 555 1179 laetitiam
597 1137 771 1190 parant,
811 1134 991 1193 χάριτες
1034 1135 1324 1190 appellantur,
1368 1134 1678 1180 conferendum
1720 1137 1790 1180 est

206 1207 327 1252 Ionis
360 1207 496 1263 epigr.
529 1207 580 1252 8:

224 1275 230 1279 ι
351 1301 478 1348 χαῖρε
510 1290 887 1346 μελαμπετάλοις,
920 1289 1158 1348 Εὐριπίδη,
1192 1290 1240 1333 ἐν
1270 1291 1501 1345 γυάλοισιν

351 1367 535 1420 Πιερίας
567 1363 649 1405 τόν
682 1361 754 1405 dez
787 1363 962 1413 Νυκτός
996 1360 1109 1417 ἔχων
1140 1363 1381 1419 θάλαμον·

350 1437 450 1476 ἴσθι
484 1434 523 1476 δ’
555 1433 650 1476 nim>
684 1434 853 1488 χθονὸς
886 1431 959 1482 ῶν,
995 1430 1063 1475 ὅτι
1098 1446 1164 1475 σοι
1197 1434 1319 1484 κλέος
1353 1432 1553 1489 ἄφθιτον
1584 1431 1708 1477 ἔσται

351 1506 445 1548 ἴσον
476 1503 722 1563 Ὁμηρείαις
754 1493 937 1556 οἷενάοις
970 1505 1159 1563 χάρισιν.

326 1601 614 1646 Adiciendum
646 1603 717 1646 est
747 1601 1008 1647 vocabulum
1046 1602 1167 1659 χαρά
1210 1615 1351 1656 neque
1394 1602 1511 1657 apud
1552 1603 1787 1648 Homerum

205 1687 346 1728 neque
380 1674 496 1729 apud
526 1673 689 1729 lyricos
721 1673 911 1719 inveniri
942 1676 1109 1728 poetas.

326 1875 453 1932 Apud
483 1878 641 1932 poetas
672 1875 869 1932 tragicos
900 1875 945 1919 in
977 1875 1140 1920 fabulis
1162 1875 1287 1920 nobis
1310 1876 1502 1922 servatis
1523 1876 1788 1923 adiectivum

204 1956 375 2007 χαρίεις
408 1961 494 1992 nou
525 1948 762 2002 invenitur,
795 1948 908 2002 quod
941 1951 1089 1992 tamen
1121 1948 1244 1992 casui
1281 1948 1559 1993 tribuendum
1600 1949 1787 2003 videtur,

203 2034 303 2065 nam
335 2020 560 2065 invenitur
590 2019 636 2064 in
668 2019 825 2076 fragm.
857 2019 1008 2074 Eurip.
1040 2018 1139 2063 453.

323 2116 452 2171 Apud
490 2116 756 2171 Aeschylum
796 2116 928 2171 longe
970 2115 1167 2170 plurimis
1208 2115 1317 2159 locis
1358 2115 1617 2160 vocabulum
1658 2115 1787 2173 χάρις

204 2188 372 2233 factum
419 2187 643 2244 significat
689 2200 773 2242 quo
821 2187 936 2232 alter
983 2187 1113 2232 alteri
1158 2187 1375 2231 laetitiam
1422 2186 1493 2232 vel
1539 2189 1670 2242 parat
1715 2188 1787 2233 vel

204 2262 458 2304 remunerat
471 2257 532 2316 2);
563 2272 650 2303 uno
681 2259 778 2303 loco
810 2261 882 2303 est
912 2258 1055 2302 forma
1085 2257 1346 2312 laetificans,
1378 2260 1613 2304 venustas:

206 2345 290 2399 Ag.
322 2341 431 2387 417:
463 2340 700 2400 εὐμόρφων
734 2342 784 2385 δὲ
815 2341 1035 2384 κολοσσῶν

347 2411 535 2469 ἔχθεται
567 2414 696 2471 χάρις
730 2411 869 2471 ἀνδρί
896 2411 1117 2469 (Menelao
1160 2412 1251 2458 scil.
1284 2413 1459 2458 deserto
1492 2414 1548 2457 ab
1580 2412 1785 2476 Helena).

325 2509 507 2555 Gratiae
537 2510 650 2555 deae
682 2509 800 2566 apud
831 2509 1098 2566 Aeschylum
1129 2522 1216 2554 non
1248 2509 1544 2557 inveniuntur.

327 2677 364 2722 1)
391 2676 439 2712 cf.
466 2687 554 2722 pag.
582 2678 638 2713 19.

322 2748 361 2795 2)
386 2747 588 2783 Accedunt
612 2748 687 2783 loci
711 2748 777 2783 ubi
803 2748 996 2797 singulare
1021 2747 1172 2792 quidem
1196 2757 1273 2783 non
1299 2746 1348 2782 sit
1364 2746 1505 2783 factum
1522 2747 1591 2783 sed
1608 2747 1783 2786 condicio

202 2819 277 2854 qua
302 2808 387 2854 quis
411 2817 483 2854 per
507 2807 659 2853 singula
684 2806 788 2841 facta
812 2806 994 2843 laetitiam
1018 2810 1147 2854 parat3
1173 2805 1222 2844 cf.
1247 2816 1285 2852 p.
1312 2806 1357 2842 18
1383 2815 1438 2852 sq.
