2001 3296
908 287 1204 334 -69-

263 401 452 482 Lysistr.
484 420 613 467 1279.
675 421 842 468 Chorus
872 419 1208 467 Atheniensium
1239 432 1416 466 carmen
1447 433 1532 478 qno
1564 433 1718 476 pacem
1749 432 1841 464 mu-

261 496 417 542 lierum
448 507 584 550 opera
613 493 862 539 confectam
892 494 1091 539 celebrat
1120 492 1190 537 his
1220 492 1375 549 incipit
1404 492 1579 538 verbis:

407 577 608 635 πρόσαγε
638 576 786 635 χορόν,
819 575 962 631 ἔπαγε
992 576 1199 635 Χάριτας
1214 574 1263 632 ²),

404 647 483 692 ἐπὶ
515 647 566 692 δὲ
596 645 786 693 κάλεσον
818 682 828 695 .
851 683 862 694 .
884 683 894 694 .
925 647 1191 707 (sequuntur
1222 647 1446 704 complura
1476 646 1676 703 numina)

440 755 450 766 .
472 754 482 765 .
513 720 610 763 εἶτα
644 720 695 764 δὲ
727 720 960 777 δαίμονας,
994 718 1057 772 οἷς
1088 719 1358 778 ἐπιμάρτυσι

404 792 651 851 χρησόμεθ’
685 789 764 836 οὐκ
792 791 1099 850 ἐπιλήσμοσιν,

404 862 591 922 ἡσυχίας
623 870 725 923 πέρι
756 866 835 923 τῆς
863 864 1209 923 μεγαλόφρονος,

405 935 462 995 ἣν
492 936 671 995 ἐποίησε
702 936 796 980 θεοὶ
829 937 1015 994 Κύπρις.

261 1020 448 1067 Gratiae
468 1020 604 1076 primo
623 1021 719 1066 loco
740 1021 1042 1066 nominantur:
1072 1021 1272 1066 laetitias
1294 1021 1512 1066 reducunt
1530 1020 1577 1065 in
1598 1020 1840 1067 civitatem.

260 1106 365 1152 Pac.
398 1104 503 1151 797:
532 1105 688 1150 τοιάδε
717 1104 799 1165 χρῆ
831 1109 1044 1165 Χαρίτων
1075 1106 1330 1163 δαμώματα
1365 1105 1653 1162 καλλικόμων

404 1177 486 1222 τόν
519 1177 657 1234 σοφόν
690 1177 879 1237 ποιητήν

403 1248 574 1305 ὕμνεῑν,
609 1247 722 1293 ὅταν
752 1248 886 1308 η’ρινοὲ
902 1249 938 1306 ²)
968 1254 1053 1305 μὲν
1085 1253 1211 1313 φωνῇ
1241 1249 1430 1305 χελιδών

404 1322 586 1379 ἑζομένη
620 1320 800 1386 κελαδῇ,
833 1321 968 1380 χορόν
1000 1321 1051 1365 δὲ
1080 1321 1140 1379 μή
1173 1323 1240 1386 ’xp
1274 1321 1510 1380 Μόρσιμος

403 1393 517 1450 μηδὲ
547 1393 833 1444 Μελάνθιος.

260 1478 357 1522 Hoc
396 1478 492 1522 loco
524 1476 845 1534 Aristophanes
886 1489 1061 1522 carmen
1094 1476 1337 1522 Stesichori
1376 1455 1596 1533 imitatur;
1636 1476 1693 1522 cf.
1725 1489 1839 1532 quae
1927 1506 1930 1508 -

260 1562 362 1606 pag.
393 1548 457 1604 62,
482 1550 539 1594 ad
570 1548 758 1594 Stesich.
789 1548 843 1594 fr.
874 1548 933 1593 37
964 1549 1188 1594 adnotavi.

258 1634 342 1679 Av.
374 1632 504 1679 1100.
561 1632 782 1688 ‘Loquitur
810 1635 945 1689 poeta
973 1632 1031 1678 de
1054 1618 1158 1679 'vita
1188 1632 1361 1679 avium:

403 1716 600 1772 χειμάζω
634 1716 672 1758 δ’
705 1715 755 1759 ἐν
786 1716 947 1766 κοίλοις
979 1713 1155 1773 ἄντροις

403 1787 617 1845 Νύμφαις
649 1785 844 1847 οὐρείαις
877 1787 1164 1845 ξυμπαίζων

403 1859 538 1919 η’ρινά
551 1859 589 1915 ²)
619 1878 667 1903 τε
697 1860 962 1916 βοσκόμεθα
995 1864 1232 1918 παρθένια

402 1932 676 1991 λευκότροφα
706 1931 853 1992 μύρτα
885 1935 1098 1991 Χαρίτων
1128 1948 1176 1976 τε
1207 1931 1490 1990 κηπεύματα.

258 2007 526 2073 κηπεύματα
558 2021 771 2074 Χαρίτων
810 2016 983 2060 fructus
1024 2018 1130 2060 sunt
1170 2016 1244 2071 qui
1279 2018 1514 2071 tantopere
1555 2015 1713 2066 avibus
1742 2016 1838 2070 pla-

258 2090 361 2134 cent
390 2090 438 2134 et
467 2090 560 2134 tam
589 2087 709 2146 grati
738 2089 855 2142 sunt,
885 2089 935 2132 ut
965 2087 1013 2133 in
1042 2088 1169 2133 horto
1200 2087 1393 2145 ipsarum
1408 2115 1410 2117 >
1426 2087 1607 2132 dearum
1636 2086 1838 2133 laetitiae

257 2160 515 2216 provenisse
544 2160 792 2205 videantur.
838 2159 1063 2215 Antiquae
1093 2159 1287 2205 fortasse
1307 2160 1425 2205 illius
1446 2161 1635 2204 naturae
1657 2160 1837 2204 dearum

258 2244 370 2287 quae
415 2234 621 2278 naturam
666 2234 872 2277 curantes
917 2230 1094 2277 laetitia
1138 2230 1340 2277 afficiunt
1379 2232 1577 2277 homines
1618 2233 1700 2278 hoc
1740 2233 1836 2277 loco

258 2304 467 2350 memoria
497 2303 721 2350 remansit.

377 2389 564 2458 Praeter
603 2389 719 2435 hanc
758 2389 963 2434 naturam
1002 2384 1298 2435 universalem
1339 2388 1579 2446 singularis
1617 2389 1833 2445 quaedam

257 2472 402 2505 rerum
446 2460 782 2507 laetificantium
825 2473 931 2517 pars
975 2460 1032 2506 iis
1084 2461 1275 2519 obtingit
1315 2462 1432 2518 apud
1472 2461 1836 2517 Aristophanem:

258 2533 363 2575 sunt
393 2531 503 2578 deae
533 2531 785 2579 venustatis
816 2534 862 2581 et
894 2531 1197 2579 amabilitatis.
1249 2533 1305 2578 cf.
1335 2533 1572 2578 Homerum
1604 2535 1650 2578 et
1681 2535 1836 2589 poetas

174 2609 179 2614 ’
257 2600 432 2657 lyricos.
502 2606 565 2651 Ut
615 2605 734 2662 apud
776 2605 1014 2651 Homerum
1058 2606 1145 2651 hac
1188 2606 1236 2651 in
1280 2619 1330 2652 re
1376 2619 1473 2651 cum
1514 2607 1687 2651 Venere
1734 2619 1835 2651 con-

256 2671 518 2729 iunguntur:
553 2709 561 2715 -

378 2816 415 2862 1)
440 2817 490 2856 cf.
508 2818 623 2856 Pind.
648 2819 695 2858 fr.
722 2822 779 2870 75,
804 2831 842 2868 p.
867 2822 927 2858 58.

375 2877 413 2923 2)
439 2877 488 2916 cf.
512 2889 593 2927 pag
616 2881 675 2920 58.
