2001 3296
856 238 1154 283 -48-

214 372 382 429 ἵστορες
398 375 509 414 θεοί
518 384 526 393 ·
550 368 853 429 Ἄγλαυροςῑ),
874 369 1112 421 Ἐνυάλιος,
1125 368 1273 429 Ἄρης,
1292 370 1418 422 Ζεύς,
1438 370 1616 421 Θαλλώ,
1639 369 1794 422 Αὐξώ,

215 440 447 500 Ἡγεμόνη.
481 467 539 474 -
571 442 678 486 Cum
709 441 959 488 fertilitatis
999 441 1227 487 terrestris
1268 443 1447 487 numina
1486 441 1612 496 sint,=
1632 443 1702 502 ,ab
1742 442 1799 488 iis

215 514 290 569 qui
321 516 487 559 terram
527 514 702 569 patriae
740 513 968 559 defensuri
1008 515 1113 559 sunt
1154 527 1233 559 eas
1274 513 1510 559 iuramenti
1549 515 1692 559 testes
1732 514 1797 559 in·

214 585 367 631 vocari
412 585 546 630 facile
592 588 661 630 est
707 585 961 642 intellectu3
1008 584 1063 631 of.
1095 585 1202 631 Eur.
1232 585 1455 631 Heraclid.
1498 598 1540 631 v.
1571 583 1658 629 779
1691 586 1797 641 sqq„

214 657 290 701 ubi
322 659 389 715 Γῆ
419 657 584 715 Μήτηρ
615 657 851 703 invocatur
882 658 940 703 ad
969 661 1134 702 terram
1165 670 1290 702 suam
1322 657 1656 703 defendendam.

336 726 436 774 Huc
486 728 725 773 referenda
774 729 952 775 videtur
1007 742 1106 774 esse
1167 729 1366 786 precatio
1427 729 1650 774 sollemnis
1712 741 1799 783 qua

214 801 404 845 Athenis
435 801 875 855 Thesmophoriorum
908 801 977 845 die
1010 800 1126 845 festo
1159 813 1320 857 praeeo
1351 800 1469 845 inter
1500 800 1590 848 alia
1620 800 1799 844 numina

215 872 399 917 Gratias
429 872 692 927 invocabat;
724 872 892 917 tradita
923 874 993 917 est
1025 872 1081 916 ab
1112 872 1411 928 Aristophane
1442 870 1634 929 (Thesm.
1665 869 1797 928 300):

215 941 427 1000 Εὕφημία
462 947 578 993 ’,στω
611 941 809 1000 ευφημία
842 948 956 986 ’.στω
1021 941 1213 999 ευχεσθε
1242 953 1348 987 ταῖν
1383 943 1700 1001 Θεσμοφόροιν,
1740 946 1796 1007 τῇ

214 1014 413 1072 Δήμητρι
446 1019 524 1057 καῖ
554 1016 610 1077 τῇ
641 1014 789 1078 Κόρη,
832 1019 910 1057 καὶ
939 1016 1004 1073 τῷ
1033 1014 1246 1073 Πλούτῳ,
1289 1020 1367 1058 και
1397 1016 1453 1078 τῇ
1484 1014 1795 1073 Καλλιγενείᾳ,

214 1091 293 1129 καὶ
333 1088 389 1150 τῇ
431 1085 749 1145 Κουροτρόφῳ,
791 1088 847 1150 τῇ
888 1088 954 1128 Γ
923 1104 976 1150 η
1019 1091 1097 1129 καὶ
1138 1088 1202 1145 τῷ
1233 1084 1361 1150 Ἑρμῇ
1375 1084 1424 1143 ²),
1465 1090 1543 1129 και
1583 1084 1794 1144 Χάρισιν,

213 1157 453 1215 ἐκκλησίαν
491 1157 628 1215 τήνδε
668 1162 747 1200 καὶ
789 1157 977 1202 σύνοδον
1018 1157 1102 1216 τήν
1143 1160 1227 1202 νῦν
1258 1158 1477 1201 κάλλιστα
1523 1162 1600 1200 καὶ
1633 1154 1794 1215 αριοτα

215 1232 403 1287 ποιῆσαι
435 1264 445 1275 .
468 1264 478 1274 .
501 1264 511 1274 .
544 1254 600 1260 —
632 1231 832 1285 Apparet
861 1230 1062 1276 invocari
1092 1230 1271 1275 numina
1302 1243 1415 1285 quae
1445 1231 1496 1274 ut
1526 1230 1631 1274 urbs
1662 1229 1795 1274 omni-

214 1302 297 1345 bus
345 1300 481 1356 copiis
528 1300 687 1345 floreat
733 1304 914 1356 ourant3
967 1301 1154 1346 Gratiae
1200 1302 1316 1357 quod
1361 1301 1597 1357 praecipue
1643 1301 1796 1357 fruges

214 1373 417 1417 donando
450 1373 571 1419 cives
602 1373 746 1417 laetos
777 1373 970 1418 reddunt
1000 1373 1235 1419 invocatae
1266 1373 1474 1419 videntur
1502 1386 1613 1418 esse.

335 1444 389 1488 In
420 1445 537 1488 hano
579 1457 731 1488 earum
771 1446 977 1489 naturam
1020 1458 1177 1489 nomen
1219 1457 1390 1499 quoque
1421 1443 1562 1494 Αὐξώ
1594 1444 1795 1499 quadrat,

215 1516 331 1571 quod
361 1516 506 1561 ¹alteri
547 1515 803 1561 Gratiarum
844 1516 1092 1562 Atticarum
1134 1515 1275 1562 fuisse
1310 1515 1554 1561 Pausanias
1595 1514 1734 1560 refert
1747 1513 1796 1573 ³),

215 1590 350 1643 atque
381 1589 421 1632 si
451 1589 692 1633 Robertum
734 1588 957 1643 sequimur
997 1588 1071 1643 qui
1107 1589 1154 1633 in
1184 1589 1392 1645 opusculo
1425 1588 1539 1643 quod
1570 1588 1796 1644 inscripsit

217 1661 311 1716 „De
343 1660 513 1705 Gratiis
534 1659 724 1706 Atticis“
761 1660 1210 1706 commentationibus
1240 1659 1598 1706 Mommsenianis
1628 1660 1795 1707 inserto

214 1735 308 1776 tres
350 1745 450 1776 esse
488 1731 671 1777 Gratias
703 1732 879 1776 Atticas
915 1731 1099 1782 Θαλλώ,
1142 1731 1336 1790 Καρπῶ,
1379 1729 1520 1781 Αυξώ
1562 1712 1796 1777 ostendere

215 1805 403 1848 conatus
435 1805 506 1847 est
518 1801 568 1860 4),
610 1804 721 1847 haee
753 1803 929 1848 nomina
960 1803 1016 1847 ad
1049 1804 1156 1848 deas
1188 1816 1301 1858 quae
1334 1803 1552 1875 fructibus
1583 1805 1797 1859 praesunt

214 1875 378 1931 optime
409 1874 693 1930 quadrarent.

336 1982 371 2020 1)
392 1980 587 2028 Αγλανρος
611 1980 890 2028 inscriptiones,
911 1980 1104 2028 Ἄγραυλος
1129 1981 1281 2019 Pollux,

334 2039 372 2087 2)
399 2039 448 2078 ef.
473 2040 636 2086 pag..36
662 2040 750 2076 adn.
1307 2040 1314 2047 '

333 2101 372 2139 3)
399 2100 448 2138 cf.
472 2111 562 2146 pag.
587 2102 635 2137 47
661 2100 750 2138 adn.
775 2101 810 2138 3.

333 2161 369 2203 4)
396 2160 458 2196 Ad
484 2171 530 2197 ea
554 2170 652 2206 quae
677 2160 824 2197 Usener
857 2159 1145 2206 (Gotternamen
1171 2171 1208 2205 p.
1235 2160 1302 2197 131
1330 2159 1418 2197 adn.
1443 2158 1506 2206 24)
1540 2159 1653 2195 certis
1683 2170 1794 2205 argu—

214 2220 350 2257 mentis
383 2232 459 2257 non
495 2220 623 2257 allatis
658 2220 889 2267 generaliter
914 2222 1150 2267 opposuerat
1173 2218 1321 2256 Robert
1350 2218 1389 2255 in
1414 2229 1547 2265 progr.
1570 2218 1794 2265 winckelm.

215 2281 316 2317 Han.
341 2281 432 2316 XXI
458 2280 512 2327 (p.
537 2281 599 2326 22)
625 2280 856 2327 respondit„
886 2280 970 2316 Etsi
995 2279 1088 2315 nihil
1114 2283 1173 2315 est
1198 2290 1265 2315 our
1291 2279 1386 2315 duas
1412 2279 1617 2332 aliquando
1643 2279 1794 2317 Gratias

214 2339 376 2376 Athenis
402 2340 524 2376 cultas
549 2350 634 2376 esse
659 2350 803 2385 negare
829 2350 1030 2386 cogamur,
1065 2343 1191 2375 tamen
1217 2349 1262 2375 ea
1287 2348 1384 2384 quae
1408 2336 1554 2376 Robert
1578 2339 1703 2376 attulit
1728 2340 1794 2376 ali-

214 2399 306 2446 quid
331 2399 614 2445 probabilitatis
639 2400 793 2437 habent.
843 2399 906 2435 Ad
930 2409 1009 2436 rem
1040 2398 1154 2444 plane
1188 2397 1467 2434 diiudicandam
1501 2409 1622 2445 neque
1655 2399 1795 2437 Pausa-

214 2459 300 2495 niae
326 2459 537 2494 auctoritas
562 2469 685 2503 neque
709 2458 870 2494 Roberti
895 2458 1244 2502 argumentationes
1270 2457 1448 2495 sufficere
1481 2458 1570 2494 mihi
1603 2454 1793 2505 videntur,

213 2528 441 2566 quamquam
478 2517 529 2553 ad
565 2517 778 2554 Pausaniae
819 2517 858 2553 in
895 2517 968 2553 hae
1007 2527 1048 2554 re
1086 2516 1349 2554 auctoritatem
1391 2517 1659 2555 attenuandam
1695 2528 1793 2565 quae

214 2579 333 2616 allata
368 2581 457 2615 sunt
491 2577 580 2614 mihi
616 2577 769 2623 quidem
806 2577 1077 2614 verisimillima
1102 2581 1200 2615 sunt.
1251 2577 1326 2615 Sed
1359 2581 1437 2615 tam
1472 2582 1596 2624 certa,
1633 2582 1675 2615 ut
1708 2578 1793 2615 aliis

213 2649 364 2686 quoque
400 2638 497 2675 loeis
524 2637 676 2674 Gratias
712 2647 733 2673 e
757 2637 916 2675 Roberti
950 2630 1163 2675 nominibus
1197 2638 1411 2675 Gratiarum
1435 2638 1646 2675 Atticarum
1679 2639 1793 2675 inter-

213 2704 362 2747 preter,
413 2701 639 2745 argumenta
687 2697 768 2734 eius
815 2697 903 2733 mihi
950 2709 1025 2734 non
1067 2698 1244 2735 videntur
1291 2710 1395 2744 esse,
1444 2696 1667 2746 praesertim
1709 2710 1792 2735 eum

213 2759 439 2806 saepissime
465 2758 670 2795 diiudicari
694 2768 770 2794 non
795 2758 929 2806 possit,
964 2761 1086 2794 utrum
1114 2759 1162 2795 de
1188 2759 1329 2796 Gratiis
1354 2759 1492 2796 Atticis
1518 2770 1566 2796 an
1593 2759 1793 2796 Hesiodeis

213 2823 364 2865 agatur.
