2001 3296
775 212 1154 289 ’-71-

154 375 157 378 ’
220 377 339 435 (pag.
370 375 462 433 29).
513 365 679 434 Quanti
710 390 739 422 a
764 376 951 423 Graecis
982 376 1222 422 aestimata
1252 378 1372 422 esset
1407 376 1553 435 χάρις,
1585 375 1797 431 quomodo

218 445 314 496 nisi*
333 462 388 495 ea
415 450 654 495 accedente
685 455 781 496 rem·
797 450 1043 508 perfectam
1073 450 1170 495 fieri
1191 463 1277 495 non
1303 462 1435 506 posse
1465 449 1800 503 iudicavissent,

218 523 318 580 pag;
350 522 408 567 26
452 536 545 578 sqq.
578 523 890 570 demonstravi.
951 523 1079 580 Quod
1121 523 1392 568 Graecorum
1432 522 1660 567 iudicium*
1681 521 1799 578 apud

216 595 446 639 Platonem
476 595 712 650 praecipue
742 595 790 640 in
821 595 1031 641 adiectivi
1061 602 1231 653 χαρίεις
1262 607 1345 639 usn
1378 596 1588 651 apparet:

334 684 555 739 Artifices,
587 687 799 739 oratores,
829 684 1078 741 philosophi
1109 685 1224 739 quod
1255 684 1347 730 sint
1365 691 1592 742 χαρίεντες
1613 683 1796 729 laudan·

215 758 290 799 tur
318 755 391 801 vel
421 756 514 800 tum
545 768 642 800 cum
672 769 752 801 nos
782 756 958 802 laudem
993 755 1240 812 sapientiae
1281 769 1429 801 eorum
1470 756 1544 802 vel
1584 757 1797 812 expertae

217 827 325 872 artis
357 830 686 883 exspectamus:

215 910 349 955 Lach.
380 924 421 966 p.
453 910 540 955 180
571 912 632 955 D:
665 911 939 957 διδάσκαλον
967 914 1190 968 μουσικῆς,
1224 910 1546 965 Ἀγαθοκλέους
1576 910 1795 966 μαθητήν

215 980 432 1037 Δάμωνα,
467 980 645 1041 ἀνδρῶν
676 988 967 1041 χαριέστατον
1005 981 1056 1026 οὕ
1096 983 1238 1038 μόνον
1278 982 1361 1039 τήν
1401 983 1627 1039 μουσικήν,
1671 980 1792 1024 ἄλλά

214 1059 291 1096 καὶ
322 1047 470 1096 τὀῗλλα
506 1052 677 1099 ὁπόσου
697 1054 835 1119 βούλῃ
870 1052 1000 1105 ἄξιον
1031 1054 1361 1112 συνδιατρίβειν
1392 1054 1664 1112 τηλικοίτοις
1695 1069 1791 1096 νεα-

214 1133 389 1176 νίσκοις.
952 1181 956 1185 .

212 1210 341 1255 Polit.
373 1224 413 1266 p.
445 1209 533 1254 300
564 1211 625 1255 B:
657 1210 784 1269 παροὶ
817 1212 904 1268 γοὶρ
937 1211 1061 1266 οἶμαι
1093 1211 1195 1263 τούς
1227 1212 1390 1266 νόμους
1421 1210 1524 1261 τούς
1555 1209 1604 1253 ἐκ
1633 1217 1791 1267 πείρας

213 1282 379 1338 πολλῆς
430 1289 651 1337 κειμένους
703 1290 785 1326 καί
829 1300 964 1326 τινων
1018 1283 1280 1338 συμβούλων
1332 1285 1499 1326 ἕκαστα
1547 1288 1791 1342 χαριέντως

213 1353 634 1409 συμβουλευσάντων
666 1359 741 1396 καὶ
776 1355 1031 1397 πεισάντων
1063 1358 1242 1397 θέσθαι
1273 1353 1326 1396 τὸ
1361 1353 1540 1411 πλῆθος
1564 1388 1573 1396 .
1599 1388 1608 1396 .
1635 1388 1643 1396 .

214 1438 341 1494 epist.
373 1439 488 1484 XIII
516 1453 557 1495 p.
590 1437 678 1484 360
709 1438 764 1483 C:
806 1437 981 1483 Ἑλίκων
1015 1474 1023 1482 .
1050 1474 1057 1482 .
1084 1473 1094 1483 .
1125 1438 1338 1496 μαθητής
1378 1437 1429 1481 δὲ
1469 1436 1675 1487 Εὐδόξου
1716 1443 1792 1480 καὶ

212 1516 313 1569 περὶ
346 1510 500 1554 πάντα
532 1510 589 1553 τοὶ
622 1513 812 1554 τοιαῦτα
846 1511 972 1554 πάνυ
1003 1517 1246 1569 χαριέντως
1278 1508 1404 1566 ἔχων.

329 1601 399 1646 Ea
429 1601 571 1647 virtus
602 1605 673 1646 est
686 1647 688 1650 ,
702 1614 816 1656 quae
847 1602 990 1647 virum
1020 1601 1193 1646 liberali
1224 1601 1485 1646 educatione
1504 1614 1632 1646 usum
1652 1601 1794 1655 decet,

209 1673 236 1716 i.
254 1686 290 1717 e.
307 1673 537 1717 urbanitas
554 1676 687 1728 atque
704 1673 880 1728 politior
895 1674 1160 1718 humanitas.
1194 1676 1233 1716 οἱ
1254 1679 1526 1731 χαριέστεροι
1549 1670 1792 1730 ἄνθρωποι

210 1747 315 1789 sunt
334 1745 530 1790 homines
552 1745 713 1790 eruditi
734 1744 855 1802 („d1e
876 1745 1204 1803 Gebildeten“),
1236 1745 1310 1800 qui
1335 1745 1469 1801 vulgo
1490 1747 1791 1801 opponuntur:

210 1816 449 1872 Hipparch.
470 1830 511 1871 p.
530 1815 617 1860 229
650 1817 711 1861 B:
742 1817 921 1871 λέγεται
954 1817 1006 1860 δὲ
1034 1815 1130 1860 ὑπὸ
1163 1820 1253 1860 τῶν
1286 1824 1580 1874 χαριεστέρων
1613 1815 1790 1873 οἷνῧρώ-

211 1904 310 1942 πων
357 1893 434 1930 καῖ
482 1886 508 1929 o‘
551 1888 758 1939 θάνατος
805 1887 949 1932 αὐτοῦ
994 1893 1212 1943 γενέσθαι
1261 1887 1312 1932 οὗ
1360 1889 1417 1931 δι’
1467 1886 1499 1931 ὁὶ
1547 1891 1587 1931 οἱ
1635 1888 1792 1932 πολλοὶ

210 1957 445 2017 ᾠήθησαν,
479 1959 556 2003 ὄιοὶ
589 1959 671 2017 τήν
702 1962 781 2017 τῆς
813 1958 1011 2018 ἀδελφῆς
1044 1953 1233 2016 οἷτιμίαν
1263 1963 1341 2018 τῆς
1372 1966 1659 2018 κανηφορίας,
1690 1959 1792 2003 ἐπεὶ

208 2031 342 2080 τοῦτο’
383 2049 432 2086 γε
463 2029 640 2089 εὔηθες,
684 2029 804 2075 dno?
831 2067 838 2075 .
866 2066 908 2076 ..
949 2050 1011 2065 ·-—
1054 2033 1122 2077 De
1141 2015 1406 2089 ⁸‘Hipparchi
1448 2045 1556 2077 nece
1597 2031 1792 2087 loquitur

210 2103 440 2159 Socrates3
481 2104 604 2160 vulgi
640 2104 694 2148 de
724 2103 854 2148 huius
887 2104 1008 2150 necis
1041 2118 1177 2150 causa
1208 2104 1475 2150 sententiam
1518 2107 1568 2149 ut
1608 2104 1791 2149 stultam

208 2175 438 2232 impugnat
454 2175 757 2230 hominumque
779 2176 1048 2222 eruditorum
1069 2179 1178 2226 (τῶν
1194 2183 1488 2234 χαριεστέρων
1507 2174 1791 2233 ἀνθρώπων)

209 2248 477 2293 sententiam
507 2246 722 2305 laudat.¹)··

330 2415 366 2460 1)
392 2415 475 2450 Huc
501 2415 724 2452 referendae
752 2414 930 2451 videntur
963 2426 1048 2452 esse
1083 2416 1174 2452 illae
1203 2419 1433 2464 χαριέστεραι
1466 2416 1531 2453 vel
1559 2419 1791 2464 χαριέσταται

211 2472 379 2517 ἐκδόσεις,
396 2485 502 2521 -quae
526 2474 565 2510 in
591 2474 746 2511 scholiis
770 2474 982 2512 Homericis
1008 2476 1160 2523 saepius
1186 2479 1408 2512 occurrunt:
1435 2476 1483 2512 cf.
1501 2476 1618 2520 Wolf,
1634 2476 1790 2522 Proleg.

207 2544 245 2578 p.
271 2535 341 2571 179
376 2539 414 2572 et
446 2536 574 2573 adnot.
599 2536 658 2574 43.
695 2556 735 2561 —
774 2535 902 2574 Schol.
927 2536 963 2572 A
988 2537 1039 2573 ad
1062 2537 1104 2574 ΙΙ.
1130 2537 1164 2582 2,
1190 2538 1237 2573 52
1270 2537 1384 2574 lectio
1416 2536 1549 2573 harum
1583 2536 1790 2574 editionum

208 2592 397 2639 laudatur,
414 2595 517 2640 quod
535 2596 584 2632 sit
600 2594 851 2642 ,,οέστειοτέρα“
867 2606 979 2642 quam
997 2596 1111 2633 lectio
1130 2608 1258 2633 earum
1276 2608 1373 2643 quae
1390 2598 1635 2643 appellantur
1650 2602 1790 2639 κοιναι’,·

208 2651 293 2688 aliis
318 2663 468 2700 quoque
494 2654 591 2691 locis
617 2658 861 2702 opponuntur
886 2655 1118 2693 editionibus
1143 2659 1293 2697 κοιναῖς.
1336 2656 1385 2695 cf.
1410 2658 1446 2691 οἱ
1470 2657 1604 2699 πολλοί,
1630 2667 1789 2702 quorum

209 2713 396 2749 sententia
421 2715 509 2750 loco
535 2715 601 2751 illo
627 2712 835 2762 Hipparchi
860 2719 902 2752 ut
927 2716 1046 2751 stulta
1068 2717 1319 2763 vituperatur.
1344 2736 1393 2742 ——-
1417 2717 1468 2753 Ut
1492 2717 1580 2753 illae
1597 2722 1721 2751 κοιναί
1735 2717 1789 2752 ita

209 2770 393 2809 editiones
407 2774 586 2822 δημώδεις
600 2775 752 2822 saepius
765 2775 984 2812 melioribus
1001 2776 1243 2822 editionibus,
1261 2777 1369 2814 velut
1385 2776 1652 2822 Aristarcheis,
1670 2788 1789 2823 oppo-

208 2834 358 2868 nuntur.
407 2834 539 2880 Itaque
559 2838 789 2883 χαριέστεραι
813 2835 970 2876 ἐκδόσεις
995 2836 1174 2873 videntur
1190 2836 1309 2874 fuisse
1327 2837 1514 2874 editiones
1531 2837 1789 2883 elegantiores
