2001 3296
342 350 530 396 Praeter
560 351 641 395 has
673 350 875 407 singulas
906 364 990 405 res,
1022 364 1133 406 quas
1165 352 1349 397 Gratiae
1380 351 1698 397 non-efficiunt
1728 352 1807 398 sed

220 421 518 467 laetificantes
542 426 857 487 'consummant
871 422 919 480 ¹),
950 423 1140 468 omnium
1170 424 1441 469 laetitiarum
1471 424 1599 479 eopia
1628 424 1806 475 Gratia÷

221 506 319 538 rum
351 495 468 550 apud
499 487 739 539 Pindarum
770 508 927 541 munus
959 498 1004 540 et
1036 508 1144 552 opus
1176 498 1258 551 est,
1290 498 1340 541 ut
1368 495 1464 552 ipse
1499 495 1626 541 dicit:

224 564 275 610 Ο.
298 564 422 621 1‚30:
452 566 599 624 Χάρις
631 566 686 617 d',
711 564 829 625 ἅπερ
858 564 1096 621 ἅπαντα
1129 567 1275 624 τεύχει
1306 568 1364 611 τοὶ
1395 568 1573 624 μείλιχα
1602 572 1803 621 θνατοῖς.

221 637 275 682 In
307 638 560 684 universum
590 637 729 695 igitur
759 638 882 685 vitae
913 638 1158 685 ornatriees
1190 642 1307 686 sunt.
1340 666 1396 673 —
1426 640 1582 698 Pergit
1613 642 1766 697 poeta:

368 710 631 768 ἐπιφέροισα
664 711 803 767 τιμάν
817 709 853 769 2)
886 717 963 755 καὶ
996 709 1188 756 ἄπιστον
1221 711 1420 770 ἐμήσατο
1452 712 1613 757 πιστόν

369 780 557 838 ἔμμεναι
589 782 640 825 τό
676 783 907 835 πολλάκις.

223 854 350 910 Quod
380 854 443 908 fit,
474 854 513 897 si
545 854 643 908 quis
672 868 765 900 rem
795 855 862 899 ita
887 847 1086 909 enarrat,
1118 857 1168 899 ut
1196 856 1372 901 laetitia
1403 857 1573 901 afficiat
1604 871 1702 902 eum
1733 857 1808 912 qui

223 925 359 970 audit.
420 926 562 984 χάρις.
581 939 674 972 rem
704 926 1007 971 incredibilem
1038 929 1084 971 et
1116 926 1304 972 debilem
1345 940 1525 973 causam
1567 928 1807 974 confirmat.

222 997 365 1053 Quam
395 999 451 1041 ob
481 1011 576 1043 rem
606 997 931 1043 Hermesianax
966 1001 1100 1054 poeta
1140 999 1266 1044 deam
1297 999 1457 1042 Πειθώ
1489 1013 1589 1045 esse
1620 1013 1750 1045 unam
1783 1015 1807 1046 e

222 1067 393 1113 Gratiis
425 1068 538 1113 dixit
568 1069 781 1125 (Pausan.
811 1070 892 1123 IX,
923 1069 994 1124 35,
1026 1069 1173 1126 5).—

221 1140 275 1184 fr.
307 1139 389 1184 75:
419 1141 529 1183 ἴδετ’
560 1141 609 1183 ἐν
640 1143 789 1198 χορόν,
823 1140 1068 1195 Ὀλύμπιοι,

365 1211 448 1255 ἐπί
474 1229 521 1255 τε
552 1212 721 1256 κλυταν
755 1219 953 1269 πέμπετε
986 1213 1151 1272 Χάριν,
1186 1218 1301 1259 θεοί.

219 1278 288 1327 Div
308 1284 586 1337 invocantur,
617 1288 668 1328 ut
700 1286 757 1329 ad
788 1299 869 1330 ver
899 1286 1076 1329 rediens
1108 1287 1226 1330 laete
1264 1287 1572 1330 celebrandum
1604 1286 1807 1330 Gratiam

220 1354 375 1411 ipsam,
406 1355 609 1402 laetitiae
642 1356 782 1413 deam,
813 1356 1006 1402 mittant.
1059 1357 1174 1402 Vere
1206 1357 1402 1402 homines
1434 1357 1683 1413 laetantum
1713 1357 1806 1413 pul-

222 1428 442 1476 cherrime
467 1428 606 1483 igitur
635 1429 822 1473 Gratiae
859 1442 955 1472 eum
998 1442 1102 1474 vere
1146 1430 1483 1484 coniunguntur.
1546 1430 1602 1474 ef.
1632 1429 1807 1485 Pervig.

222 1499 332 1544 Ven.
348 1497 428 1544 50:
464 1500 681 1555 „Praeses
702 1499 802 1555 ipsa
833 1499 994 1557 (Dione
1024 1499 1143 1545 veris
1175 1502 1222 1544 et
1253 1500 1414 1546 amoris
1436 1497 1539 1557 dea)
1559 1499 1658 1545 iura
1678 1499 1806 1554 dicet,

221 1570 488 1614 adsidebunt
508 1571 736 1614 Gratiae“.
754 1571 810 1614 ef.
822 1571 997 1625 Ariphr.
1014 1576 1258 1629 „Xaqcvwv
1278 1570 1390 1628 &affl
1410 1572 1471 1628 (p.
1488 1570 1578 1627 62).
1615 1572 1803 1616 Stesieb.

221 1641 276 1687 fr.
308 1640 366 1686 37
399 1641 459 1700 (p.
492 1641 583 1700 62).
644 1643 721 1688 Ar.
752 1643 855 1688 Pae.
887 1641 974 1687 797
1008 1642 1068 1701 (p.
1100 1641 1190 1700 69).
1252 1643 1328 1688 Ar.
1359 1644 1442 1689 Av.
1475 1641 1592 1687 1100
1624 1641 1683 1700 (p.
1716 1641 1807 1701 69).

279 1755 282 1758 -
340 1727 407 1771 Ne
439 1727 544 1772 deos
577 1723 750 1783 quidem
782 1728 878 1773 sine
910 1727 1081 1773 Gratiis
1114 1752 1168 1759 —-
1201 1741 1303 1772 nam
1333 1727 1509 1772 laetitia
1539 1729 1585 1772 et
1605 1723 1674 1772 ‘dis
1696 1740 1805 1783 opus

221 1801 292 1844 est
325 1825 377 1831 —
413 1801 569 1845 choros
601 1803 648 1845 et
679 1800 885 1846 convivia
916 1814 1051 1856 agere
1081 1799 1300 1845 Pindarus
1332 1799 1461 1844 dicit:

221 1871 272 1916 Ο.
306 1870 375 1926 14,
408 1871 459 1915 4:
494 1870 601 1915 οὐδὲ
631 1871 719 1931 γοέρ
751 1877 854 1916 θεοῖ
887 1874 1057 1928 σεμνᾶν
1089 1876 1302 1930 Χαρίτων
1334 1869 1441 1930 ἄτερ
1713 1924 1715 1926 ¹

365 1952 640 2002 κοιρανέοντι
672 1945 829 2002 χορούς
862 1942 962 1988 οὔτε
995 1944 1178 1995 δαῖτας·
1218 1942 1339 1987 α’λλοὲ
1375 1944 1613 1987 πάντων
1645 1950 1806 1998 ταμίαι

366 2013 506 2073 ἔργων
537 2015 586 2058 ἐν
619 2014 810 2074 ου’ρανῷ.

342 2099 597 2145 Gratiarum
613 2100 949 2145 Pindaricarum
964 2102 1127 2145 natura
1143 2100 1447 2144 demonstrata
1461 2098 1548 2144 iam
1566 2098 1808 2154 videamus,
1826 2109 1829 2112 ·

222 2171 436 2225 quomodo
468 2172 684 2216 vocabulo
716 2171 847 2230 χάρις
877 2173 1032 2216 utatur
1061 2172 1133 2215 hic
1163 2173 1308 2226 poeta.
1370 2172 1518 2224 Atque
1548 2169 1732 2225 primum
1763 2170 1809 2213 id

221 2243 535 2289 observatione
557 2243 737 2300 dignum
759 2246 840 2297 est,
862 2243 978 2299 quod
993 2256 1140 2299 neque
1167 2242 1496 2288 substantivum
1516 2241 1645 2300 χάρις
1666 2254 1816 2297 neque.

221 2316 491 2361 adieetivum
520 2324 689 2374 χαρίεις
720 2316 940 2360 hominum
984 2316 1100 2371 apud
1141 2329 1238 2360 eum
1279 2316 1561 2360 venustatem
1601 2316 1649 2358 et
1689 2327 1807 2358 ama—

218 2388 439 2433 bilitatem
470 2379 744 2444 significant;
777 2387 965 2433 vidimus
997 2387 1180 2432 Gratias
1213 2398 1383 2443 quoque
1414 2387 1566 2431 harum
1593 2385 1805 2432 virtutum

220 2461 329 2505 deas
371 2473 458 2505 uno
500 2463 674 2504 tantum
713 2461 822 2514 loeo,
869 2460 943 2515 qui
988 2463 1137 2504 tamen
1183 2460 1230 2504 in
1276 2459 1476 2514 epinieiis
1522 2472 1610 2503 non
1657 2461 1807 2502 exstat

221 2531 295 2590 (fr.
328 2530 450 2589 123),
481 2531 685 2577 inveniri.

343 2676 379 2722 1)
406 2676 579 2723 Excepto
597 2674 644 2711 fr.
664 2674 754 2722 1233
772 2685 858 2711 nam
877 2678 1115 2712 venustatem
1132 2677 1246 2722 atque
1263 2674 1535 2711 amabilitatem
1553 2672 1804 2710 laetificantes

220 2737 412 2779 hominum
437 2736 601 2773 virtutes
626 2735 783 2772 Gratiae
809 2735 1060 2773 laetificantes
1087 2736 1182 2773 deae
1206 2735 1314 2782 ipsae
1340 2734 1519 2773 efficiunt.

340 2809 379 2853 2)
406 2808 697 2852 „auctoritatem
722 2806 926 2852 afferens“,
952 2807 1067 2844 rebus
1093 2807 1240 2844 scilieet
1264 2806 1440 2845 narratis.
