2001 3296
847 238 1145 284 ...36-

205 370 349 427 gloria
390 371 641 415 nominatur
680 368 903 426 εὐώνυμος
944 372 1074 429 χάρις
1117 384 1229 426 quae
1271 371 1460 416 omnium
1501 384 1645 417 rerum
1677 386 1787 428 quas

205 443 303 498 quis
335 443 534 500 possidet
564 451 772 501 κρατίστη
805 443 936 503 χάρις
969 447 1050 489 est.

204 515 331 560 Pind.
364 516 415 560 O.
447 515 487 569 2,
523 514 602 559 10:

351 585 465 630 αἰών
497 585 542 628 δ’
574 583 712 641 ἔφεπε
741 586 968 645 μόρσιμος,
1002 586 1201 630 πλοῦτόν
1231 603 1279 629 τε
1310 591 1387 630 καῖ
1417 587 1552 645 χάριν
1585 584 1708 641 ἄγων

348 665 550 714 γνησίαις
582 656 654 700 ἐπ’
689 655 884 715 οἷρεταῑς.

204 729 419 774 Theronis
447 731 637 785 gentem,
670 741 783 784 quae
805 731 940 774 antea
961 729 1099 774 multa
1120 730 1239 774 mala
1257 743 1471 786 perpessa
1492 732 1601 785 erat,
1633 732 1790 786 postea

205 800 301 846 vita
341 800 494 844 fausta
536 814 563 844 a
604 800 671 844 dis
713 800 928 845 fatalibus
981 801 1162 845 decreta
1214 801 1528 855 comitabatur,
1581 814 1694 856 quae
1733 802 1789 845 ad

203 872 404 928 proprias
437 874 483 916 et
513 872 672 917 insitas
705 872 895 918 virtutes
937 872 1085 929 gentis
1118 872 1253 917 etiam
1285 873 1464 919 divitias
1498 875 1631 928 atque
1663 886 1788 918 omne

204 957 345 1000 genus
376 957 522 989 rerum
554 944 889 988 laetificantium
921 944 1084 989 attulit.
1116 969 1173 976 —-

204 1016 309 1060 Eur.
340 1015 472 1071 Hipp.
505 1013 643 1059 1408:
679 1013 844 1065 &imam
876 1021 1044 1065 τέκνον,
1079 1014 1189 1059 οὐδέ
1213 1034 1288 1071 μοι
1319 1017 1451 1074 χάρις
1482 1019 1595 1068 βίου.

207 1087 330 1143 „vita
361 1100 429 1131 me
460 1100 548 1131 non
580 1086 722 1131 afficit
751 1086 968 1141 laetitia“,
999 1087 1026 1131 i.
1059 1101 1096 1132 e.
1129 1100 1246 1132 mors
1277 1087 1381 1131 mihi
1412 1090 1546 1144 grata
1576 1090 1658 1132 est.

204 1158 260 1204 cf.
294 1159 398 1203 Eur.
431 1159 546 1204 Med.
577 1157 688 1203 227:
723 1152 900 1214 οἴχομαι
934 1158 984 1202 δὲ
1015 1164 1093 1202 καὶ
1123 1161 1225 1211 ,Βίου

346 1231 483 1288 χάριν
512 1233 707 1285 μεθεῖσα
740 1233 992 1273 κατθανεῖν
1023 1231 1184 1293 χρῄζω,
1218 1230 1358 1285 φίλαι.

203 1304 250 1347 et
279 1302 385 1347 Eur.
416 1302 512 1357 Iph.
543 1302 675 1346 Taur.
706 1300 808 1357 847,
839 1301 915 1346 ubi
945 1301 1179 1358 Iphigenia
1208 1301 1350 1346 fratre
1383 1301 1533 1358 agnito
1566 1301 1693 1346 dicit:

345 1374 481 1431 χάριν
514 1370 601 1428 ἔχω
636 1373 760 1424 ζόας,
791 1374 928 1431 χάριν
960 1370 1046 1428 ἔχω
1079 1375 1259 1431 τροφᾶς,
1537 1375 1539 1377 ’

350 1442 418 1488 ἷίτι
450 1463 525 1500 μοι
558 1452 865 1501 συνομαίμονα

346 1517 480 1561 τόνδε
512 1516 717 1572 δόμοισιν
748 1515 987 1575 ἐξεθρέψω
1022 1515 1207 1573 (patria)
1241 1517 1366 1572 φάος.

203 1592 249 1634 et
279 1591 439 1633 Aesch.
471 1590 554 1644 Ag.
588 1587 727 1633 1058:
759 1588 816 1631 τοὶ
849 1591 932 1644 μὲν
962 1588 1050 1646 γοὶρ
1082 1589 1231 1639 ἑστίας
1261 1588 1547 1643 μεσομφάλου

347 1662 526 1718 ἕστηκεν
557 1657 641 1718 ἤδη
673 1660 795 1718 μῆλα
830 1660 943 1718 πρὸς
976 1659 1153 1716 σφαγεὶς
1186 1660 1344 1718 πάρος,

347 1731 405 1783 ὦς
439 1730 589 1774 σῦποτ)
623 1730 833 1774 ἐλπίσασι
864 1731 987 1788 τήνδ’
1022 1731 1139 1780 ἕξειν
1169 1731 1316 1789 χάριν.

324 1805 528 1849 Ceterum
557 1803 626 1848 his
649 1817 757 1858 quos
778 1803 999 1860 proximos
1022 1803 1152 1848 attuli
1173 1802 1281 1848 locis
1302 1803 1436 1862 χάριν
1459 1800 1577 1858 ἔχειν
1608 1816 1695 1859 non
1717 1805 1787 1848 est

206 1876 603 1933 „gratificationem
646 1878 873 1930 acceptam
909 1875 1088 1919 tenere“
1143 1874 1223 1928 (sc.
1254 1873 1494 1931 memoria),
1544 1877 1594 1919 ut
1624 1888 1725 1934 pag.
1759 1880 1784 1918 9

201 1948 461 2003 invenimus,
486 1947 573 1992 sed
608 1946 801 2004 „aliquid
832 1947 947 2002 quod
978 1945 1152 1992 laetitia
1184 1945 1353 1991 afficiat
1384 1946 1626 2003 accipere“.
1659 1971 1715 1979 —

201 2023 384 2065 Theocr.
417 2020 487 2073 28,
520 2019 578 2063 24
610 2018 898 2076 (Ἠλακάτη);

345 2093 453 2149 κῆνο
483 2091 571 2149 γάρ
601 2107 667 2142 τις
699 2089 791 2149 ἐρεῖ
817 2083 964 2142 ταῗπος
997 2089 1105 2133 ἰδών
1138 2092 1176 2132 0²
1190 2102 1201 2112 ·
1233 2083 1263 2147 οἷ
1292 2089 1631 2147 μεγάλαχάρις

346 2163 471 2221 δώρῳ
505 2162 588 2205 σύν
622 2160 781 2220 όλίγῳ·
815 2162 970 2205 πάντα
1005 2161 1056 2204 δὲ
1085 2161 1253 2217 τιματοέ
1286 2161 1344 2204 τά
1380 2160 1476 2219 ποὶρ
1508 2161 1663 2216 φίλων.

206 2248 394 2291 „magna
424 2234 493 2279 vis
525 2233 810 2278 laetificatrix
842 2234 1078 2277 comitatur
1106 2246 1290 2288 parvum
1323 2232 1524 2277 donum“.
1777 2290 1781 2296 .

202 2307 308 2351 Eur.
340 2306 471 2361 Hipp.
503 2303 583 2350 95:
615 2309 709 2348 III:
743 2340 752 2350 .
775 2340 784 2350 .
807 2339 817 2350 .
847 2313 914 2356 τίς
947 2304 985 2347 δ’
1021 2302 1071 2348 ου’
1104 2304 1263 2360 σεμνός
1296 2302 1517 2359 α’χθεινός
1548 2306 1718 2363 βροτῶν
1729 2323 1743 2357 ;

351 2379 455 2421 ΘΕ.·
487 2376 536 2420 ἐν
569 2377 607 2419 δ’
641 2375 1035 2435 εἰῗπροσηγόροισιν
1068 2374 1159 2418 ἔστι
1190 2393 1256 2427 τις
1287 2376 1418 2434 χάρις
1429 2392 1444 2430 ,·

345 2453 437 2494 111:
471 2448 651 2506 πλείστη
684 2465 746 2503 γε,
779 2453 857 2492 καὶ
888 2447 1038 2507 κέρδος
1069 2465 1118 2503 γε
1150 2448 1231 2492 σύν
1261 2448 1427 2507 μόχθῳ
1459 2449 1633 2507 βραχεῖ.

205 2522 399 2579 „aliquid
451 2521 568 2575 quod
618 2521 864 2565 hominibus
915 2520 1132 2565 laetitiam
1172 2521 1346 2576 parat“‚
1403 2521 1545 2575 „quod
1594 2520 1783 2575 placet“.

201 2594 257 2640 ef.
290 2593 370 2639 Od.
404 2592 473 2648 15,
505 2590 616 2637 320:
647 2590 845 2651 Ἑρμείαο
875 2594 995 2651 ἕκητι
1029 2591 1279 2651 διακτόρου,
1315 2588 1363 2643 ἷίς
1394 2591 1454 2650 ῥά
1485 2608 1533 2634 τε
1565 2591 1753 2635 πάντων

346 2664 610 2723 οἷνθρώπων
642 2662 803 2722 ἔργοισι
835 2666 971 2723 χάριν
1002 2670 1080 2707 καῖ
1111 2664 1241 2716 κῦδος
1275 2662 1496 2720 όπάζει.1)

206 2738 276 2793 „id
307 2749 391 2792 quo
422 2736 640 2781 laetitiam
670 2736 874 2792 parant“‚
911 2749 1022 2792 „quo
1053 2735 1273 2792 placent“.
1294 2759 1351 2767 —

322 2822 357 2865 1)
384 2819 432 2856 cf.
452 2818 577 2867 Ἑρμῆς
595 2819 781 2867 χαριδότης,
808 2822 846 2855 et
872 2818 1028 2855 Gratiae
1053 2829 1137 2854 cum
1161 2818 1350 2854 Mercurio
1376 2817 1614 2855 coniunctae.
