2001 3296
851 241 1148 287 ...41-

215 378 457 433 Χαρίτων“
478 374 526 419 ἐκ
546 378 623 434 τῆς
632 372 773 434 ’Ἠρας
792 379 1011 429 γενέσθαι
1024 386 1035 397 ·
1067 380 1145 418 καὶ
1164 374 1246 432 τήν
1270 371 1393 418 οὔπω
1414 375 1575 430 γάμων
1596 371 1786 429 ἔχουσαν

216 444 338 504 ἇῖραν
368 445 397 504 ἦ
430 447 604 504 Σαπφώ
638 446 1026 504 προσαγορεύουσά
1058 461 1204 504 φησιν,
1239 444 1309 489 ὅτι

359 526 518 577 σμίκρα
549 535 624 573 μοι
657 517 768 569 πάϊς
800 515 937 573 ἔμμεν
968 517 1151 574 ἑφαίνεο
1180 515 1370 576 κᾶχαρις
1384 530 1394 540 “

217 587 242 631 o‘
275 589 316 632 δ’
338 588 549 649 Ἡρακλῆς
579 587 677 632 ὑπό
708 605 826 640 τινος
856 588 1103 648 ἐρωτᾶται·

348 664 437 722 βία
469 661 509 705 δ’
542 658 745 719 ἔπραξας
774 660 964 720 χάριτας
994 657 1025 719 ἢ
1056 668 1214 712 πείσας
1246 659 1382 718 κόρην
1392 679 1407 714 ,·

214 734 357 779 Locus
389 732 650 778 Pindaricus
681 732 756 788 qui
786 732 950 779 citatus
982 733 1158 779 videtur
1191 720 1393 777 esseest
1422 733 1471 778 P.
1502 732 1544 787 2,
1575 732 1632 777 42
1648 730 1706 790 1);

358 802 467 848 ἄνευ
499 807 540 846 οἱ
572 803 754 861 (Ixioni)
785 809 996 862 Χαρίτων
1026 811 1152 848 τέκεν
1184 803 1385 862 (Iunonis
1415 804 1580 861 imago)

355 876 491 931 γόνον
520 874 800 935 ὑπερφίαλον

354 947 477 1003 μόνα
510 952 587 990 καὶ
616 947 758 1003 μόνον
789 945 882 991 οὔτ’
912 947 961 991 ἐν
994 946 1187 1005 οἷνδράσι
1217 948 1495 1006 γερασφόρον
1527 945 1620 992 οὔτ’

355 1018 404 1063 ἐν
436 1020 560 1063 θεῶν
589 1018 754 1076 νόμοις.

215 1092 270 1137 cf.
292 1091 452 1136 falsam
483 1091 750 1137 scholiastae
781 1091 1117 1147 explicationem
1149 1091 1303 1149 (schol.
1324 1091 1382 1136 75
1397 1090 1483 1149 ²)):
1514 1091 1567 1134 το·
1601 1092 1653 1135 δὲ
1675 1089 1785 1136 ἄνευ

213 1168 425 1221 Χαρίτων
458 1161 560 1205 άντῐ
591 1164 672 1206 τοῦ
703 1161 787 1212 ἔξω
821 1170 1066 1213 συνουσίας.
1120 1165 1391 1221 χαρίζεσθαι
1421 1163 1509 1221 γάρ
1541 1171 1700 1222 κυρίως
1730 1163 1782 1206 τὸ

213 1233 519 1286 συνουσιάζειν
549 1234 737 1288 λέγεται.

333 1307 400 1351 Re
430 1319 539 1352 vera
568 1305 697 1364 χάρις
728 1308 775 1351 et
805 1307 1076 1364 χαρίζεσθαι
1108 1306 1153 1350 in
1195 1320 1243 1350 re
1285 1306 1502 1351 amatoria
1543 1306 1632 1352 vim
1673 1307 1783 1352 adeo

213 1379 459 1422 coartatam
490 1390 578 1422 non
607 1378 846 1422 habebant.

332 1553 476 1613 Saepe
517 1556 800 1603 accusativus
826 1557 1050 1619 ‘vocabuli
1089 1556 1219 1615 χάρις
1260 1556 1548 1613 appositionis
1589 1558 1685 1601 loco
1728 1557 1785 1601 ad

211 1629 344 1674 alium
376 1629 676 1675 accusativum
707 1629 900 1674 accedit:
1278 1634 1281 1636 ’

211 1701 370 1747 Aesch.
397 1701 585 1758 Ghoeph.
617 1699 725 1746 180:
756 1698 937 1760 ἔπεμψε
967 1707 1127 1759 χαίτην
1158 1708 1368 1760 κουρίμην
1399 1701 1533 1760 χάριν
1566 1700 1751 1760 πατρός.

212 1774 335 1819 Pind.
367 1774 417 1818 Ο.
449 1773 489 1829 7,
521 1773 571 1818 5:
603 1773 777 1829 φιάλαν
809 1772 867 1825 οἷς
900 1809 909 1819 .
932 1808 942 1818 .
965 1808 975 1819 .
1005 1780 1071 1825 τῖς
1103 1808 1113 1819 .
1138 1808 1148 1819 .
1172 1808 1182 1819 .
1215 1774 1461 1832 δωρήσεται

354 1851 513 1904 νεανίᾳ
554 1847 742 1904 γαμβρῷ
783 1852 1015 1904 προπίνων
1064 1847 1244 1889 οἴκοθεν
1286 1846 1463 1897 οἴκαδε,
1511 1846 1783 1904 πάγχρυσον,

1353 1917 1552 1976 κορυφάν
1583 1918 1784 1961 κτεάνων

357 1983 581 2034 συμποσίῳ
614 1993 661 2019 τε
691 1976 838 2034 χάριν.

211 2050 412 2105 pateram
453 2048 589 2092 donat
631 2060 743 2102 quae
786 2047 986 2093 convivio
1018 2048 1148 2106 χάρις
1180 2051 1271 2102 est,
1312 2048 1340 2092 i.
1371 2061 1408 2092 e.
1450 2060 1522 2092 res
1564 2061 1652 2102 qua
1682 2060 1783 2092 con·

210 2120 342 2167 vivae
371 2120 609 2165 laetantur.

210 2192 371 2237 Anacr.
402 2191 457 2236 fr.
489 2190 574 2235 103
607 2190 851 2237 accusativi
890 2191 1024 2249 χάριν
1062 2193 1109 2235 et
1139 2191 1304 2247 κόσμον
1346 2191 1568 2236 coniuncti
1610 2192 1784 2247 apposi-

211 2263 345 2308 tionis
374 2264 470 2308 loco
502 2265 792 2319 usurpantur:

335 2406 372 2453 1)
414 2405 644 2453 Quamquam
686 2406 722 2443 h.
748 2407 773 2444 l.
808 2418 883 2443 non
908 2402 1102 2443 Vulcanus
1137 2406 1206 2442 sed
1239 2406 1452 2443 Centaurus
1493 2406 1581 2441 ἄνευ
1615 2411 1786 2454 Χαρίτων

211 2468 434 2512 procreatus
460 2476 545 2502 esse
571 2469 758 2510 narratur,
798 2469 921 2503 tamen
956 2465 1157 2502 verisimile
1191 2477 1269 2501 non
1303 2472 1363 2503 est
1387 2466 1591 2502 Pindarum
1625 2467 1783 2502 similem

209 2536 290 2563 rem
315 2524 456 2563 eisdem
489 2525 571 2563 fere
605 2525 733 2563 verbis
768 2525 845 2563 alio
881 2535 1029 2573 quoque
1060 2525 1099 2561 in
1124 2525 1289 2563 carmine
1315 2525 1427 2563 nobis
1452 2537 1528 2563 non
1554 2528 1710 2563 servato
1736 2525 1784 2563 de

211 2585 384 2622 Vulcano
409 2586 646 2632 narravisse;
673 2586 742 2621 sed
767 2586 957 2622 erravisse
982 2585 1134 2622 videtur
1158 2586 1398 2631 Plutarchus,
1430 2586 1520 2632 quia
1545 2587 1593 2622 de
1609 2587 1783 2622 Vulcano

212 2655 361 2691 quoque
410 2643 545 2681 similia
594 2635 985 2682 commemorabantur
1033 2644 1080 2681 ab
1131 2645 1235 2693 aliis3
1286 2645 1334 2683 cf.
1376 2646 1466 2684 Hes.
1506 2645 1651 2692 Theog.
1692 2645 1783 2693 9273

212 2705 393 2751 Apollod.
417 2705 447 2750 Ι,
471 2706 507 2750 3,
532 2706 568 2742 5.

331 2765 369 2812 2)
393 2764 436 2800 In
462 2764 616 2801 scholiis
640 2765 853 2801 Pindaricis
879 2765 1040 2802 citandis
1070 2776 1154 2801 cum
1180 2766 1409 2802 scholiorum
1444 2766 1655 2803 editoribus
1688 2766 1784 2802 anti-

211 2836 325 2872 quum
348 2836 542 2868 numerum
566 2836 745 2863 versuum
770 2836 921 2873 sequor.
