2001 3296
878 244 1175 290 ...81-

238 377 310 436 42,
343 377 422 423 11:
453 377 602 437 ῥόδον,
635 369 671 436 ᾦ
703 386 812 429 παῖς
845 375 873 419 o‘
901 374 1120 434 Κυθῆρης

383 456 591 506 στέφεται
621 449 787 501 καλούς
818 449 1014 500 ἰούλους-

381 525 624 580 Χαρίνεσσι
655 522 940 581 συγχορεύων.

358 594 459 640 Huc
488 593 724 640 referenda
761 596 832 640 est
860 592 1091 650 inscriptio
1121 591 1376 639 Prienensis
1408 591 1536 649 primi
1573 605 1614 638 a.
1647 590 1747 637 Chr.
1777 594 1832 636 n.'

239 666 407 712 saeculi
437 664 536 724 (No.
557 665 698 724 .28⁷)²

382 735 546 796 ‘Hy‘qo'd
579 742 809 796 φθιμένην
841 754 925 796 περ
959 758 1128 773 υ-υυ
1160 754 1211 795 ης
1241 736 1493 796 ῥοδόπηχυς

360 808 490 862 ,Ἠώς
519 810 756 869 μαξαμένη
790 831 1005 847 -υυ-ν
1041 823 1163 860 aava,

362 887 460 925 ‘acal
491 882 638 941 Χάρις
670 881 871 936 ἕστιλβεν
903 886 1005 941 περὶ
1036 882 1186 938 χείλεα
1202 895 1212 904 ·
1243 882 1408 940 χρύσεα
1441 881 1480 925 δ’
1503 880 1633 925 Λίὠν

383 950 544 1011 ἄνθηα
575 955 846 1013 βαιοχρόνινυ
877 974 1001 989 -υυ
1035 952 1139 997 dvc?
1169 955 1284 1005 βίου.
1533 985 1547 996 .

240 1025 311 1070 Ad
350 1026 461 1070 haec
501 1027 640 1072 verba
679 1026 973 1075 Wilamowitz
1015 1026 1222 1071 adnotat:
1274 1024 1393 1081 „Das
1427 1026 1567 1081 junge
1597 1024 1816 1069 Madcben

239 1097 320 1141 hat
359 1096 418 1141 im
458 1098 577 1142 'Pode
607 1099 720 1143 noch
761 1098 831 1143 die
861 1099 977 1143 Rote
1009 1099 1088 1143 der
1126 1097 1320 1143 frischen
1353 1097 1560 1153 Wangeu
1600 1096 1692 1141 und
1731 1096 1817 1140 den

240 1167 442 1214 Liebreiz
480 1169 558 1215 des
589 1170 776 1216 Mundes
806 1171 1019 1225 bewahrt,
1061 1169 1152 1215 und
1192 1169 1263 1214 die
1295 1168 1610 1223 Gesellscbaffl
1650 1168 1696 1212 in
1738 1167 1818 1212 der

241 1240 306 1305 sie
336 1241 467 1295 lebte‚
497 1243 577 1286 hat
606 1242 676 1286 ihr
706 1242 834 1287 einen
865 1243 1086 1298 goldenen
1114 1242 1265 1286 Kranz
1297 1240 1594 1297 aufgesetzt“.

335 1313 500 1358 Vetus
532 1315 679 1358 autem
719 1313 797 1359 illa
836 1316 1000 1359 natura
1039 1303 1295 1358 Gratiarum
1335 1311 1582 1358 fertilitatis
1623 1311 1817 1365 dearum,

242 1384 328 1429 etsi
357 1397 496 1440 usque
527 1385 585 1430 ad
616 1398 671 1430 ea
700 1388 901 1441 tempora
931 1388 1114 1431 servata
1154 1397 1242 1429 non
1272 1384 1450 1431 videtur
1488 1397 1588 1429 esse
1628 1384 1817 1439 integra,

242 1458 390 1500 tamen
432 1456 625 1512 vestigia
664 1457 842 1512 reliquit
855 1454 904 1514 1).
965 1457 1019 1501 In
1061 1456 1262 1501 artificiis
1293 1455 1480 1501 Gratiae
1519 1468 1655 1512 saepe
1684 1454 1817 1499 flores

242 1528 325 1572 vel>
345 1527 497 1584 fruges
528 1527 574 1572 in
605 1528 808 1573 manibus
828 1528 990 1584 ferunt,
1022 1541 1110 1583 qua
1141 1528 1196 1573 de
1227 1541 1276 1572 re
1307 1527 1360 1573 Ο.
1380 1528 1502 1572 Jahn
1530 1527 1578 1572 in
1609 1526 1818 1583 opusculo

242 1599 317 1644 illo
348 1599 464 1655 quod
494 1613 594 1656 pag.
624 1598 682 1644 46
715 1600 851 1647 citavi
882 1600 987 1657 egit.
1049 1600 1137 1645 Sed
1169 1600 1287 1656 apud
1317 1602 1475 1656 poetas
1516 1599 1671 1644 horum
1709 1601 1818 1643 tem-

241 1684 395 1728 porum
426 1670 546 1717 haec
565 1685 715 1717 earum
745 1673 909 1717 natura
939 1685 1028 1717 non
1059 1674 1258 1729 apparet.
1319 1672 1478 1727 Itaque
1508 1671 1615 1716 mibi
1644 1670 1819 1726 quidem

241 1743 480 1789 verisimile
510 1743 687 1789 videtur
716 1757 816 1789 esse
837 1741 927 1789 has
951 1757 1024 1789 res
1056 1758 1081 1789 e
1112 1747 1265 1790 vetere
1297 1743 1616 1789 consuetudine
1647 1742 1817 1788 Gratiis

242 1813 435 1859 tributas
466 1827 565 1860 esse
597 1816 653 1859 ab
686 1815 931 1860 artificibus
962 1828 1105 1871 neque
1125 1808 1374 1860 fertilitatis
1405 1814 1538 1870 signa
1566 1814 1820 1859 intellectas

243 1899 344 1931 esse
384 1887 440 1931 ab
481 1886 728 1948 hominibus
771 1886 865 1933 eius
898 1887 1085 1943 aetatiS‚
1127 1887 1207 1933 sed
1247 1888 1536 1933 venustarum
1576 1886 1821 1943 puellarum

242 1959 513 2013 ornamenta,
544 1960 593 2001 ut
619 1958 769 2002 Venus
801 1971 973 2013 quoque
1002 1958 1133 2003 flores
1165 1971 1477 2013 nonnunquam
1507 1959 1579 2003 vel
1609 1959 1729 2002 mala
1747 1958 1821 2003 vel

242 2030 485 2075 columbam
519 2029 566 2074 in
596 2030 797 2076 manibus
828 2033 1014 2087 gestans
1046 2030 1250 2087 fingitur3
1289 2030 1347 2076 cf.
1362 2068 1364 2070 ,
1378 2030 1552 2087 puellae
1582 2029 1819 2087 imaginem

171 2105 174 2108 ’
223 2102 423 2147 ‚Theocn
455 2099 524 2157 10,
556 2100 626 2147 34.
679 2101 814 2159 Origo
836 2105 986 2148 tamen
1015 2102 1145 2148 huius
1168 2102 1511 2158 consuetudinis,
1541 2115 1630 2158 qua
1649 2101 1820 2147 Gratiis

242 2173 372 2228 pictis
391 2174 523 2219 flores
543 2175 616 2219 vel
648 2173 802 2231 fruges
824 2175 1142 2230 attribuuntur,
1174 2175 1358 2230 antiqua
1387 2175 1466 2219 illa
1489 2177 1649 2220 natura
1670 2187 1819 2219 earum

242 2245 419 2292 videtur
449 2258 561 2291 esse.

361 2397 467 2453 Cum
525 2400 688 2446 diutius
744 2401 833 2446 iam
879 2405 1120 2458 occupatus
1156 2399 1316 2447 ‘essem
1361 2403 1407 2447 in
1454 2404 1536 2447 hoc
1588 2403 1819 2459 opusculo,

241 2472 477 2527 Maassius,
509 2474 677 2527 quanta
707 2472 880 2517 omnino
913 2476 1012 2518 erat
1032 2474 1322 2529 benignitate,
1352 2475 1397 2519 J.
1420 2474 1474 2519 G.
1494 2474 1685 2519 Herderi
1714 2474 1818 2518 mihi

241 2542 457 2591 indicavit
501 2544 909 2589 commentationem
955 2558 1069 2601 quae
1114 2545 1371 2590 inscribitur
1419 2545 1539 2602 „Das
1584 2545 1694 2590 Fest
1740 2546 1820 2590 der

244 2615 462 2662 Grazien“
499 2617 625 2675 (tom..
651 2615 709 2660 18
740 2629 920 2673 operum
951 2618 1059 2672 eius,
1090 2618 1158 2665 ed.
1190 2618 1397 2675 saphan„
1437 2631 1539 2675 pag.
1568 2616 1659 2662 464
1690 2617 1818 2675 sqq.).

242 2686 341 2743 Qua
390 2688 437 2733 in
493 2688 858 2734 commentatione
904 2689 1080 2734 Hei-der
1130 2690 1343 2744 quomodo
1393 2690 1591 2734 homines
1642 2690 1821 2745 quidam

363 2832 397 2875 1)
421 2830 603 2868 Fortasse
627 2831 700 2867 huc
725 2830 949 2869 referendus
974 2836 1033 2869 est
1056 2832 1252 2879 Aristoph.
1276 2833 1351 2869 Av.
1378 2834 1472 2870 1100
1495 2834 1548 2879 (p.
1566 2833 1639 2878 69).
