2001 3296
876 233 1172 279 -74-

224 367 408 412 Theaet.
455 382 497 423 p.
541 365 627 411 174
670 369 733 412 A:
779 364 929 425 ’ὥσπερ
976 374 1053 411 καῖ
1104 368 1263 425 Θαλῆν
1309 367 1670 433 ἄᾰτρονομοῦντα
1710 405 1718 413 .
1755 405 1764 413 .
1801 405 1809 413 .

224 443 302 480 καὶ
335 436 431 482 ἄνω
464 439 693 491 βλέποντα
728 439 929 482 πεσόντα
962 444 1024 491 εἰς
1056 446 1196 497 φρέαρ
1231 440 1415 498 Θρᾷττοὶ
1435 458 1501 493 τις
1523 441 1714 499 ἑμμελής
1735 446 1812 485 καὶ

223 517 438 567 χαρίεσσα
472 515 752 567 θεραπαινὶς
775 508 1056 569 οἷποσκῶψαι
1083 512 1275 565 λέγεται,
1298 510 1356 563 ὥς
1377 512 1434 554 τοὲ
1457 515 1541 568 μὲν
1562 512 1612 556 ἐν
1634 511 1814 570 οὐρανῷ

225 586 504 639 προθυμοῖτο
534 580 721 631 εἰδέναι,
754 580 812 623 τά
847 581 888 624 δ’
922 580 1181 639 ἔμπροσθεν
1214 581 1357 626 αὐτοῦ
1387 589 1464 626 καὶ
1498 584 1626 642 παροὶ
1661 583 1812 635 πόδας

223 653 458 696 λανθάνοι
492 651 651 697 αὐτόν.

223 724 279 770 cf.
311 725 463 781 Eurip.
495 724 651 782 fragm.
684 723 794 769 492:
838 722 1017 783 ἀνδρῶν
1061 725 1111 769 δὲ
1144 726 1301 769 πολλοὶ
1332 728 1412 770 τοῦ
1441 726 1809 781 γέλωτοςεῖνεκα

369 795 553 839 οἷσκοῦσι
586 797 776 854 χάριτας
808 797 1046 854 κερτόμους
1080 831 1090 841 .
1113 831 1122 841 .
1146 832 1155 842 .

224 871 272 913 et
302 868 559 924 Epicharmi
588 868 644 913 fr.
675 868 745 924 35,
778 867 805 912 3
837 867 1062 926 (Kaibel):

366 946 486 997 τηνεὶ
520 940 570 982 δὲ
602 947 771 998 χαρίεις
802 943 838 982 τ’
873 943 963 996 εἰμί
995 946 1071 983 καὶ
1106 947 1243 984 ποιέω
1279 941 1424 985 πολύν
1477 981 1479 983 .

364 1012 556 1066 γέλωτα.
838 1000 841 1001 ⁷

340 1084 456 1128 Huic
486 1084 658 1139 notioni
688 1084 959 1139 respondent
991 1083 1199 1128 Gratiae:
1846 1134 1849 1137 ,

220 1156 402 1200 Theaet.
433 1169 475 1211 p.
499 1154 585 1199 152
609 1155 662 1199 C:
696 1148 767 1213 ἆρ’
802 1148 895 1217 οὖν,
935 1154 1048 1212 πρὸς
1071 1158 1296 1214 Χαρίτων,
1331 1155 1565 1212 πάσσοφός
1596 1173 1662 1208 τις
1693 1149 1749 1213 ἤν
1784 1154 1809 1199 o‘

220 1229 528 1286 Πρωταγόρας
571 1233 647 1270 καὶ
685 1230 814 1271 τοῦτο
846 1226 953 1285 ἡμῖν
983 1231 1067 1282 μὲν
1098 1225 1285 1291 ᾐνίξατο
1316 1230 1380 1287 τῷ
1411 1228 1565 1287 πολλῷ
1595 1231 1806 1288 συρφετῷ,

219 1310 309 1351 τοῖς
358 1299 408 1343 δὲ
454 1303 691 1356 μαθηταῖς
737 1299 786 1342 ἐν
833 1297 1072 1358 α’πορρήτῳ
1120 1298 1203 1357 τήν
1252 1297 1487 1358 ἀλήθειαν
1535 1297 1683 1354 ἔλεγεν
1694 1319 1709 1353 ,·
1750 1325 1808 1332 —

220 1371 404 1418 Gratias
436 1374 645 1427 testatur,
677 1372 793 1428 quod
822 1372 968 1429 lepide
1000 1373 1046 1417 et
1077 1371 1304 1429 sagaciter
1334 1378 1619 1430 (χαριέντως)
1651 1363 1809 1419 fecerit

219 1446 504 1500 Protagoras,
557 1458 666 1500 cum,
719 1448 769 1488 ut
815 1445 1023 1489 Socrates
1071 1445 1189 1499 dicit,
1240 1446 1408 1500 placita
1454 1459 1535 1489 sua
1582 1435 1808 1501 discipulis

219 1517 634 1562 communicavisset
666 1530 845 1572 arcana,
887 1516 1073 1572 profano
1118 1518 1266 1561 autem
1307 1516 1440 1573 vulgo
1484 1516 1806 1573 aenigmatibus

218 1589 554 1643 occultavisset3
588 1590 704 1643 quod
736 1602 832 1633 cum
862 1588 1066 1649 irrisione
1098 1589 1287 1643 quadam
1319 1588 1489 1633 dicitur.

339 1661 532 1705 Easdem
566 1661 674 1705 deas
701 1660 832 1705 simili
852 1660 897 1703 in
919 1674 968 1704 re
988 1660 1104 1704 idem
1126 1660 1332 1704 Socrates
1364 1661 1616 1704 obtestatur
1635 1660 1805 1705 Aristo-

217 1733 377 1787 phanis
409 1733 521 1777 Nub.
556 1746 596 1777 v.
629 1731 729 1777 773.
792 1732 1072 1787 Strepsiades
1115 1732 1230 1786 quod
1271 1745 1327 1776 ne
1372 1732 1419 1776 in
1459 1732 1528 1776 ius
1569 1735 1806 1777 vocaretur

217 1804 493 1860 excogitavit
525 1804 699 1848 Socrati
730 1806 908 1859 narrat;
945 1807 1038 1848 tum
1071 1804 1302 1848 Socrates:
1346 1806 1488 1859 σοφῶς
1518 1821 1589 1858 γε,
1633 1803 1687 1861 νή
1720 1803 1804 1856 τοὶς

216 1876 435 1932 Χάριτας.
489 1901 535 1906 -
582 1876 790 1920 Socrates
837 1877 920 1920 hoc
968 1876 1239 1931 Strepsiadis
1287 1875 1530 1932 cogitatum
1576 1876 1689 1920 satis
1734 1868 1803 1920 in-

217 1947 375 1992 scitum
428 1949 474 1992 et
526 1947 732 1992 stolidum
779 1949 830 1992 ut
875 1947 1103 2004 sapienter
1153 1947 1381 1992 inventum
1431 1947 1588 1992 laudat
1634 1949 1679 1992 et
1725 1961 1804 2004 per

216 2019 422 2074 Gratias,
469 2019 642 2075 lepidae
690 2019 955 2075 sagacitatis
1002 2019 1129 2073 deas,
1176 2020 1292 2063 hanc
1332 2019 1507 2064 laudem
1554 2019 1805 2075 confirmat3

215 2091 352 2136 risum
382 2091 521 2148 igitur
551 2093 699 2137 movet
729 2091 799 2136 his
831 2091 993 2138 verbis.
1030 2117 1079 2123 —-
1114 2091 1364 2136 Verisimile
1396 2094 1467 2137 est
1499 2090 1726 2136 Socratem
1755 2104 1805 2137 re

215 2177 325 2208 vera
356 2165 441 2208 hac
473 2163 795 2208 exclamatione
831 2162 906 2221 (νή
939 2163 1022 2214 τοὶς
1053 2164 1283 2222 Χάριτας)
1325 2162 1504 2219 saepius
1546 2175 1673 2207 usum
1703 2174 1829 2208 esse>

215 2241 452 2291 notumque
492 2237 539 2281 id
576 2236 716 2282 fuisse
747 2236 1109 2281 Atheniensibus.
1170 2237 1323 2291 Neque
1355 2235 1701 2281 obliviscendum
1733 2238 1804 2282 est

215 2308 443 2353 Socratem
491 2307 749 2353 Gratiarum
800 2307 1018 2365 imagines
1065 2307 1307 2363 sculpsisse
1354 2306 1441 2351 dici
1492 2306 1704 2365 (Pausan.
1735 2308 1803 2352 IX

214 2379 285 2435 35,
317 2380 380 2437 7).
1586 2391 1591 2395 ·

335 2454 528 2497 Verbum
558 2454 925 2511 χαριεντίζεσθαι
959 2455 1004 2497 et
1035 2465 1193 2497 nomen
1219 2451 1530 2509 χαριεντισμός
1562 2453 1679 2508 apud
1699 2453 1800 2497 Pla·-

212 2527 362 2569 tonem
393 2522 610 2581 singulari
642 2525 828 2579 quodam
861 2538 943 2569 usu
975 2525 1030 2568 de
1053 2524 1238 2568 iocando
1271 2523 1487 2578 (licuntur,
1519 2524 1646 2568 seriis
1667 2526 1800 2569 rebus
1835 2549 1838 2551 ·

213 2599 515 2653 opponuntur:

213 2669 268 2713 de
298 2683 348 2713 re
379 2670 497 2725 publ.
528 2670 594 2713 IV
625 2683 665 2724 p.
698 2667 860 2713 436D:
907 2666 1069 2711 ου’κοῦν
1101 2673 1177 2710 καὶ
1210 2672 1253 2710 εἰ
1282 2666 1346 2711 ἔτι
1377 2667 1553 2724 μᾶλλον
1584 2675 1799 2726 χαριεντί-

215 2741 330 2791 ζοιτο
364 2739 390 2783 o‘
421 2743 570 2785 ταῦτα
613 2740 769 2795 λέγων,
812 2739 1150 2798 κομψευόμενος
1191 2737 1248 2791 ὦς
1291 2740 1335 2782 οἵ
1361 2757 1411 2794 γε
1443 2739 1669 2798 στρόβιλοι
1702 2736 1802 2782 ὅλοι.

214 2813 373 2855 ἑστᾶσί
399 2830 446 2855 τε
478 2810 577 2869 ἅμα
610 2818 687 2855 καῖ
720 2814 951 2856 κινοῦνται
985 2846 994 2855 .
1018 2822 1028 2856 .’
1050 2846 1060 2856 .
