2001 3296
798 277 1160 323 .-22.-

223 410 311 454 iam
343 411 546 465 sentitur,
575 411 621 454 in
653 409 827 455 Graeco
857 411 1072 456 vocabulo
1102 410 1246 468 χάρις,
1284 411 1400 465 quod
1430 410 1597 456 factum
1626 424 1798 467 quoque

222 482 472 529 laetificans
503 483 574 529 vel
616 495 708 527 rem
747 481 1062 528 laetificantem
1102 481 1354 538 significare
1394 495 1616 538 nunquam
1656 482 1800 538 desiit,

224 555 369 611 magis
400 557 582 612 servata
611 556 694 598 est.
1246 555 1249 558 '

319 666 323 670 .
346 625 676 672 Pulchritudine
708 625 849 672 oritur
878 625 1074 682 laetitia;
1114 625 1246 685 χάρις
1276 626 1388 672 haec
1417 625 1486 672 vis
1516 625 1816 671 laetificatrix-

225 702 297 753 est
328 712 439 754 quae
471 712 605 754 saepe
635 699 755 743 inest
784 698 1112 754 pulchritudini.
1174 699 1326 754 Neque
1351 701 1499 744 tamen
1509 698 1665 755 ‚omnia
1686 712 1799 753 quae

225 771 410 827 pulchra
440 772 545 815 sunt
575 771 691 815 hanc
720 770 857 829 χάριν
887 771 1051 815 habent
1083 783 1237 825 neque,
1278 772 1328 815 ut
1368 783 1450 815 usu
1490 770 1565 815 illo
1596 769 1801 819 vocabuli

224 844 270 888 in
301 843 436 901 χάριν
467 849 631 900 φέρειν,
663 842 800 901 χάριν
831 843 1002 886 εἰδέναι
1034 845 1216 897 totaque
1246 842 1325 887 illa
1355 844 1483 898 parte
1513 841 1641 887 huius
1672 855 1799 898 opus-

226 914 313 960 culi
333 913 592 968 ostenditur,
624 927 722 958 cum
742 914 1066 970 pulchritudine
1088 914 1272 969 quaevis
1292 913 1423 972 χάρις
1449 913 1684 958 coniuncta
1714 916 1798 960 est.

226 987 349 1043 Quae
379 985 516 1042 igitur
547 985 749 1030 notiones
785 999 873 1031 non
904 999 959 1031 ea
998 985 1171 1031 ratione
1212 985 1548 1042 coniunguntur,
1589 987 1639 1029 ut
1669 985 1799 1044 χάρις

224 1059 285 1105 sit
324 1058 444 1104 notio
488 1071 602 1114 quae
648 1058 791 1104 minus
837 1060 930 1104 late
972 1061 1127 1116 pateat
1167 1057 1432 1114 maiorisque
1469 1057 1664 1110 ⁴notionis
1706 1058 1799 1115 pul-

224 1130 485 1176 chritudinis
532 1132 700 1175 certum
745 1144 899 1187 genus,
951 1131 1031 1175 sed
1077 1144 1132 1175 ea
1176 1132 1351 1176 tantum
1396 1130 1581 1186 ratione,
1631 1132 1681 1174 ut
1726 1143 1799 1176 res

223 1203 409 1259 pulchra
439 1215 573 1258 saepe
598 1201 689 1248 vim
720 1202 940 1258 quandam
970 1203 1136 1248 habeat
1165 1202 1501 1258 laetificantem
1532 1204 1680 1247 tamen
1712 1216 1800 1247 non

223 1287 408 1320 necesse
451 1277 523 1319 est
562 1273 933 1330 pulchritudinem
975 1275 1091 1319 hanc
1130 1275 1220 1320 vim
1260 1275 1435 1328 habere,
1481 1287 1595 1328 nam,
1640 1276 1690 1318 nt
1736 1274 1800 1318 ait

223 1347 397 1392 Goethe

223 1417 388 1477 (Faust
418 1417 505 1475 II):
537 1418 620 1463 Die
652 1418 824 1463 Schone
856 1418 995 1463 bleibt
1026 1418 1121 1463 sich
1153 1418 1300 1463 selber
1329 1418 1453 1474 selig‚

532 1491 617 1536 Die
647 1491 814 1536 Anmut
844 1492 994 1536 macht
1024 1490 1422 1536 unwiderstehlich.

224 1562 397 1608 Goethe
435 1562 576 1618 igitur
615 1563 657 1607 h.
697 1563 725 1606 l.
766 1562 1029 1607 vocabulum
1075 1563 1290 1621 „Anmut“
1335 1576 1391 1607 ex
1431 1563 1559 1607 huius
1606 1563 1798 1607 nationis

223 1634 392 1691 origine
432 1634 646 1690 intelligit
686 1633 765 1691 (z.-
805 1634 913 1689 „das
955 1633 1281 1691 Anmutende“)
1320 1624 1508 1689 ideoque
1550 1634 1741 1680 secernit
1772 1648 1801 1680 a

222 1705 561 1762 pulchritudine.
623 1706 685 1749 At
715 1705 905 1750 Schiller
934 1706 981 1749 in
1021 1706 1385 1750 commentatione
1426 1706 1505 1750 illa
1540 1707 1799 1751 vocabulum

227 1779 444 1833 „Anmnt“
470 1791 525 1822 ea
545 1777 590 1822 vi
620 1776 832 1833 intelligit
862 1790 950 1832 qua
979 1790 1095 1821 nune
1125 1777 1389 1835 intelligitur
1417 1777 1601 1833 ideoque
1633 1780 1799 1823 certum

224 1849 440 1905 quoddam
471 1861 611 1905 genus
653 1848 992 1904 pulchritudinis
1022 1850 1107 1893 hac
1137 1849 1316 1894 notione
1347 1849 1581 1905 significat.
1631 1841 1798 1905 'Itaque

223 1934 279 1966 ea
310 1934 423 1975 quae
464 1920 572 1964 dicit
612 1920 667 1964 de
708 1919 959 1964 differentia
999 1934 1111 1974 quae
1151 1920 1270 1965 inter
1300 1923 1579 1966 venustatem
1620 1924 1672 1966 et'
1705 1922 1799 1977 pul-

223 1992 514 2038 chritudinem
554 1990 793 2037 intercedit
834 1991 891 2036 ad
931 1992 1191 2037 vocabulum
1232 1991 1540 2037 Germanicum
1580 1994 1796 2048 „Anmnt“

223 2065 457 2120 quadrant,
474 2065 532 2108 ad
542 2064 761 2108 Graecum
776 2064 908 2121 χάρις
925 2077 1012 2108 11011
1026 2064 1144 2109 item.
1162 2089 1216 2096 —
1234 2065 1301 2109 De
1318 2064 1496 2110 notione
1506 2065 1802 2121 Lessingiana

228 2136 387 2193 „Reiz“
408 2134 442 2194 ¹)
464 2135 618 2181 eadem
639 2135 1019 2181 commemoranda
1040 2138 1155 2181 sunt.
1208 2136 1402 2193 Lessing
1421 2149 1518 2181 cum
1540 2136 1647 2181 dicit
1666 2136 1799 2192 „Reiz

223 2209 286 2252 ist
326 2208 564 2252 Schonheit
603 2208 649 2252 in
680 2208 963 2264 Bewegung“
1004 2210 1087 2253 hoc
1117 2209 1378 2253 vocabulum
1421 2222 1475 2253 ea
1506 2209 1551 2254 vi
1590 2209 1801 2265 intelligit

226 2292 314 2334 qua
343 2292 368 2323 e
399 2279 715 2324 consuetudine
736 2278 911 2335 quidem
941 2278 1206 2336 intelligitur
1232 2279 1302 2338 (ut
1322 2279 1524 2325 Schilleri
1549 2280 1801 2337 „Anmut“)‚

136 2369 140 2372 Δ
224 2350 459 2406 principali
489 2353 635 2395 autem
677 2351 1000 2408 significatione
1042 2351 1255 2407 explicari
1296 2365 1380 2396 non
1423 2354 1582 2408 potest.
1643 2353 1801 2407 Itaque

225 2421 283 2467 ad
334 2421 555 2467 notionem
604 2423 735 2481 χάρις
785 2422 1165 2479 interpretandam
1222 2423 1434 2468 eiusmodi
1485 2423 1800 2481 explicationes

225 2494 478 2546 afferendae
509 2507 597 2538 non
628 2499 744 2540 sunt.

343 2581 463 2625 Loco
495 2582 643 2624 tamen
664 2580 921 2625 Theocriteo
954 2579 1044 2635 (30,
1066 2581 1113 2637 5)
1145 2580 1286 2637 prima
1316 2580 1462 2637 specie
1484 2579 1624 2625 videri
1653 2582 1802 2636 potest
1839 2598 1851 2609 =

221 2653 339 2699 idem
369 2665 471 2698 esse
490 2650 623 2710 χάρις
645 2654 777 2707 atque
808 2655 1004 2698 nostrum
1030 2654 1262 2709 „Anmut“‚
1295 2653 1410 2708 quod
1433 2652 1801 2709 pulchritudinem

222 2724 454 2770 motoriam
482 2737 583 2769 esse
615 2723 802 2769 Schiller
833 2724 1049 2769 ostendit:

321 2869 359 2914 1)
382 2867 571 2904 Laokoon
595 2866 698 2903 XXI.
