2001 3296
838 227 1136 274 -80-

313 356 513 405 Posteris
555 360 704 403 autem
734 359 1007 415 temporibus
1047 359 1247 405 varietas
1276 357 1358 405 illa
1395 361 1587 405 naturae
1627 369 1780 406 emm
1841 359 1843 362 ⁴
1897 365 1899 367 ’

192 431 408 487 paulatim
450 433 700 487 coartatum
745 432 1009 487 praevalent
1050 431 1235 477 Gratiae
1281 430 1779 481 venustatis”1t-ama-

191 501 381 548 bilitatis
421 503 556 557 deae,
596 502 750 557 quales
790 503 907 560 apud
939 503 1177 548 Homerum
1217 502 1516 550 inveniuntur.
1575 502 1781 553 Maxima

191 574 272 620 illa
333 574 601 621 auctoritate
669 587 758 631 qua
816 575 1037 622 Homerus
1104 575 1223 632 apud
1283 575 1481 622 Graeoos
1547 572 1781 622 fruebatur

193 647 397 704 effectum
437 647 617 692 videtur
652 659 752 692 esse
766 681 777 701 ,
818 650 869 692 ut
909 661 949 712 ev,
975 646 1225 692 numinibus
1266 659 1379 704 quae
1420 646 1607 692 omnia
1646 649 1780 705 grata

190 718 439 764 hominibus
469 718 742 776 largirentur
782 718 963 766 numina
1001 719 1161 765 fierent
1200 732 1315 775 quae
1344 716 1581 777 praecipue
1615 731 1779 766 unum

191 793 391 848 gratum,
442 793 727 837 venustatem
778 791 875 837 sive
929 791 1122 848 corporis
1174 790 1271 838 sive
1323 791 1479 848 animi,
1528 791 1781 850 largiantur

192 866 238 908 et
279 876 394 919 quae
435 864 551 909 hane
590 866 875 910 venustatem
921 876 1010 908 non
1049 865 1143 908 tam
1183 863 1380 909 efficiant
1424 864 1543 910 inter
1583 858 1779 916 homines

192 948 321 989 quam
364 947 448 979 sua
487 934 683 990 ipsarum
724 937 889 980 natura
934 933 1158 992 (similiter
1199 936 1333 990 atque
1374 935 1491 992 apud
1521 933 1780 992 Homerum)

180 1008 453 1063 proponant.
523 1006 658 1051 Tales
700 1019 778 1052 eas
819 1005 1007 1052 Romani
1051 1009 1337 1062 receperunt,
1383 1007 1500 1053 tales
1541 1020 1680 1062 usque
1721 1006 1780 1052 ad

191 1080 348 1127 nostra
388 1081 589 1134 tempora
628 1079 676 1123 in
717 1077 983 1123 carminibus
1031 1081 1078 1122 et
1117 1077 1385 1136 imaginihus
1426 1078 1666 1136 finguntur.
1718 1078 1779 1124 >In

191 1152 290 1194 arte
332 1162 503 1206 quoque
543 1150 657 1196 haec
697 1162 849 1195 earum
894 1151 1059 1195 natura
1102 1149 1293 1206 posteris
1334 1150 1605 1208 temporibus
1651 1162 1779 1212 prae-

191 1222 385 1267 valebat.
454 1222 561 1267 Oum
608 1235 747 1277 usque
794 1222 852 1266 ad
898 1222 1078 1266 tertium
1120 1235 1159 1267 a.
1191 1222 1290 1267 Chr.
1320 1235 1363 1267 n.
1404 1222 1628 1268 saeculum
1666 1221 1778 1269 Gra-

190 1293 281 1339 tiae
332 1294 480 1351 longis
535 1293 814 1340 vestimentis
866 1293 1061 1339 vestitae
1112 1293 1387 1354 fingerentur
1433 1292 1523 1352 (ef.
1580 1292 1779 1339 Socratis

191 1364 410 1422 Gratias),
441 1367 527 1410 hae
558 1367 709 1410 aetate
731 1365 919 1410 Gratiae
951 1365 1097 1410 nudae
1126 1365 1337 1411 inventae
1368 1369 1496 1421 sunt;
1525 1364 1778 1411 venustatis

191 1450 305 1492 quae
346 1449 529 1493 corpore
571 1439 618 1481 et
647 1438 769 1482 motu
800 1438 989 1493 apparet
1029 1436 1150 1481 notio
1192 1438 1289 1481 arte
1321 1435 1592 1495 exprimitur.
1653 1435 1778 1493 Quae

191 1508 337 1553 nudae
368 1508 557 1554 Gratiae
587 1508 790 1553 Romana
821 1511 973 1553 aetate
1005 1507 1188 1553 Gratias
1225 1508 1417 1554 vestitas
1449 1508 1621 1554 omnino
1663 1520 1777 1557 sum·

190 1582 424 1626 moverunt
433 1578 483 1638 1).
545 1579 757 1625 Similiter
795 1580 842 1625 in
880 1580 1003 1637 poesi
1044 1580 1242 1637 virgines
1282 1572 1523 1635 venustae,
1565 1579 1778 1626 amabiles

190 1653 477 1708 hilariterque
518 1652 716 1698 ridentes
758 1654 805 1697 et
844 1652 1066 1698 saltantes
1107 1654 1234 1707 sunt,
1278 1665 1391 1708 quae
1423 1652 1644 1698 artissime
1676 1665 1777 1701 oon·

188 1725 435 1781 iunguntur
465 1737 562 1769 cum
582 1725 757 1769 Venere
788 1728 835 1769 et
866 1738 962 1769 oum
983 1724 1219 1769 Amoribus
1228 1722 1279 1781 Β).
1334 1717 1564 1780 Exempla,
1595 1736 1777 1779 quorum

188 1796 236 1840 in
296 1795 619 1840 recentioribus
673 1795 970 1851 Anthologiae
1030 1794 1266 1844 Palatinae
1327 1786 1536 1851 partibus
1590 1807 1777 1853 magnus

188 1880 397 1914 numerus
437 1866 685 1922 invenitur,
725 1867 937 1913 nonnulla
978 1881 1002 1913 e
1046 1866 1311 1913 carminibus
1352 1866 1468 1914 falso
1504 1866 1778 1919 Anacreonti

188 1940 370 1984 tributis
403 1940 593 1996 sumpsi:

191 2023 262 2080 15,
292 2022 364 2070 28.
413 2023 632 2079 Loquitur
660 2025 797 2080 poeta
826 2024 882 2068 de
912 2023 1087 2079 puellae
1119 2025 1295 2069 amatae
1324 1993 1541 2114 imagine:

332 2097 550 2155 τρυφεροῦ
581 2095 624 2139 δ’
656 2093 742 2139 ἔσω
773 2101 943 2150 γενείου

335 2174 437 2227 περὶ
469 2168 660 2226 λυνδίνῳ
692 2168 900 2226 τραχήλῳ

332 2239 528 2298 Χάριτες
561 2246 770 2282 πέτωντο
801 2241 950 2283 πᾶσαι
965 2236 1015 2296 ³).

189 2323 564 2383 4,15:xoe'9oe‹ro²
597 2324 664 2382 (in
695 2323 851 2380 poculo
883 2322 997 2379 scil.)
1021 2320 1217 2381 Ἔρωτας
1250 2318 1480 2372 οἷνόπλσυς

335 2401 411 2439 καῖ
443 2395 651 2453 Χάριτας
682 2395 892 2450 remeas.

310 2611 347 2657 1)
372 2610 537 2647 Pausan.
562 2608 628 2653 IX,
653 2608 712 2653 35,
739 2608 773 2646 7.

308 2684 346 2728 2)
372 2681 421 2718 of.
447 2681 543 2718 Plin.
569 2680 657 2717 Nat.
682 2679 771 2717 hist.
795 2677 952 2725 XXXV,
979 2678 1067 2714 141:
1103 2677 1321 2720 „Nearchus
1345 2678 1533 2716 Venerem
1557 2679 1657 2716 inter
1681 2677 1775 2715 Gra-

188 2742 261 2779 tias
287 2745 325 2779 et
350 2741 580 2790 Cupidines⁴⁴
608 2740 677 2786 (so.
703 2737 852 2787 pinxit).

307 2816 346 2854 3)
372 2814 420 2852 cf.
447 2823 545 2860 quae
571 2813 620 2849 de
645 2812 705 2848 his
730 2811 907 2847 versibus
933 2810 1028 2847 dixit
1051 2811 1224 2857 Lessing,
1248 2811 1435 2847 Laokoon
1458 2811 1559 2850 XXI.
