2001 3296
849 246 1146 292 ...16—

212 377 385 435 on'gine
415 380 603 435 apparet
631 378 849 433 vocabuli,
879 378 1081 434 irrepsi&
1122 378 1203 430 sed
1240 378 1374 425 certis
1405 376 1678 435 argumentis
1707 390 1797 431 non

211 451 363 507 potest
393 448 637 506 diiudicari,
665 447 771 495 1111111
801 449 1042 507 scriptores
1071 448 1172 506 ipsi·
1188 449 1259 495 his
1288 449 1399 497 locis
1428 450 1545 497 hanc
1573 447 1797 513 notionem

213 522 450 571 semel-int.
500 522 554 566 Id
573 524 724 567 tamen
753 521 824 566 his
855 521 1068 577 exemplis
1099 521 1447 569 demonstratum
1477 521 1654 569 videtur
1673 533 1796 570 ease:

214 594 324 641 Cum
362 594 410 640 in
438 593 535 652 ipso
566 592 782 640 vocabulo
819 591 962 653 χάρις
980 592 1348 639 remunerationis
1389 593 1510 640 notio
1549 599 1639 645 hon
1676 591 1798 650 insit„

213 668 366 712 tamen
405 665 691 714 inveniuntur
728 665 838 720 loci,
879 664 967 710 etsi
1007 676 1095 710 non
1135 664 1284 719 multi,
1329 666 1406 711 ubi
1434 679 1515 722 pro
1541 664 1796 715 reddendo

211 738 345 794 grato
376 737 469 795 (vel
497 738 633 794 grata
660 734 1037 794 remuneratione)
1067 736 1202 795 χάρις
1217 735 1618 794 intelligendaest,
1648 749 1796 793 qnam*

214 822 345 864 qnam
375 809 498 854 nulla
526 808 700 854 ratione
730 809 842 854 haec
872 808 993 853 notio
1014 808 1274 864 exprimitur
1292 808 1697 865 remuneratiouim„
1711 808 1797 860 itae

214 894 300 937 que
350 880 695 926 concludendum
746 882 818 926 est
867 880 983 926 hanc
1032 879 1255 927 notionem
1298 879 1520 927 interdum
1546 880 1611 927 *in
1654 880 1797 939 ipsum

213 953 475 998 vocabulum
494 951 625 1009 χάρις
644 945 891 1007 iri-epsisse‚
921 951 977 996 iis
998 951 1170 996 scilicet
1195 952 1305 999 locis
1335 952 1412 996 uhi
1430 953 1526 998 toto
1547 952 1798 1011 sententiae

213 1025 426 1070 contextu
465 1036 539 1068 res
580 1025 739 1079 aperta
778 1022 850 1068 sit.
911 1023 1038 1079 Quod
1080 1035 1135 1067 ea
1174 1036 1224 1068 re
1255 1022 1458 1069 effectum
1488 1014 1667 1072 videtur
1696 1036 1797 1070 esse

208 1095 330 1151 qnod
360 1108 438 1151 pro
469 1094 644 1139 reddito
675 1093 797 1139 facto
829 1106 914 1149 quo
945 1093 1043 1148 quis
1073 1094 1293 1151 laetitiam
1322 1096 1456 1150 parat
1483 1094 1616 1153 χάρις
1645 1093 1796 1144 multis

213 1169 430 1224 usurpata
469 1169 541 1213 est
579 1151 711 1223 locis,
755 1165 831 1212 ubi
871 1168 1020 1212 tamen
1060 1166 1179 1214 haec
1203 1165 1444 1212 reddendi
1484 1166 1606 1214 notio
1647 1166 1797 1223 aliqua

211 1239 386 1285 ratione
413 1239 670 1302 significata
700 1241 811 1283 erat.

332 1310 657 1357 observatione
703 1309 883 1367 dignum
928 1309 1035 1356 mihi
1079 1309 1258 1356 videtur
1302 1323 1401 1356 esse
1441 1309 1626 1367 primum
1666 1309 1796 1357 huius

211 1395 319 1427 usus
366 1383 634 1438 exemplum,
685 1382 802 1436 quod
847 1382 1020 1437 quidem
1066 1384 1234 1427 certum
1274 1382 1357 1437 sit,
1407 1382 1526 1450 apud
1564 1382 1795 1440 Theognin

211 1452 413 1513 (v.1096
444 1468 485 1510 p.
506 1452 585 1512 14)
615 1453 819 1500 inveniri.
868 1452 1013 1499 Huic
1010 1454 1212 1510 poetae,
1253 1453 1327 1509 qni
1367 1452 1519 1499 amicis
1560 1455 1608 1503 et
1646 1453 1795 1511 pueris

212 1526 373 1571 amatis
403 1526 545 1570 multa
575 1525 652 1570 det
682 1527 925 1581 praecepta
965 1527 1012 1569 et
1052 1525 1238 1580 consilia
1268 1525 1425 1590 quibus
1464 1525 1534 1571 in
1551 1526 1648 1574 vita
1688 1525 1795 1572 coti-

211 1596 347 1643 diana
376 1599 584 1652 utantur,
625 1596 885 1653 saepissime
916 1596 972 1642 de
1002 1587 1400 1654 gratificationibns
1436 1596 1530 1648 illis
1561 1595 1795 1649 cotidianis

211 1669 369 1725 quibus
412 1669 578 1714 amicus
620 1668 807 1715 amicum
845 1669 919 1714 vel
961 1668 1070 1714 civis
1112 1668 1253 1714 civem
1294 1668 1479 1715 adiuvat
1518 1671 1566 1716 et
1600 1669 1795 1717 delectat

209 1740 475 1796 loquendum
505 1742 626 1795 erat;
641 1740 811 1787 ,crebro
843 1739 1038 1786 fortasse
1067 1739 1143 1785 illo
1167 1753 1250 1786 usn
1270 1739 1400 1799 χάρις
1422 1740 1539 1797 apud
1559 1754 1658 1788 enm
1678 1741 1795 1790 hanc

208 1812 431 1857 notionem
462 1812 640 1872 gratiae
669 1811 921 1857 reddendae
951 1825 977 1856 e
1008 1825 1058 1856 se
1088 1811 1272 1868 peperit.

331 1963 492 2013 Omnia
520 1966 645 2019 haec,
680 1965 791 2010 illud
820 1965 955 2022 χάριν
988 1965 1171 2009 διδόναι
1209 1968 1256 2010 et
1286 1956 1582 2017 ἆποδὶδόναι,
1623 1967 1792 2027 χαρίζε-

211 2040 352 2088 σθαι,
393 2036 529 2095 χάριν
560 2036 733 2080 εἰδέναι
764 2037 838 2087 vel
869 2033 1011 2092 ἔχειν,
1053 2036 1188 2082 etiam
1226 2036 1387 2091 divinis
1427 2037 1473 2082 in
1488 2037 1637 2090 [rebus
1668 2049 1793 2085 118111·-
1861 2056 1866 2060 “

210 2110 384 2165 pantnr.
446 2108 681 2164 Complura
709 2108 806 2153 iam·
827 2108 994 2164 passim
1025 2109 1158 2154 attuli
1187 2109 1410 2165 exempla:
1451 2109 1659 2167 Hippocr.
1680 2113 1793 2166 ,περὶ

213 2178 360 2240 ἀέρων
400 2182 485 2227 eto.
527 2193 622 2237 cap.
642 2178 701 2226 22
733 2178 794 2239 (p.
815 2177 877 2239 3),
918 2180 1010 2226 Ion.
1042 2179 1129 2226 914
1161 2179 1223 2239 (p.
1244 2179 1306 2239 4),
1347 2180 1499 2238 Antig.
1530 2170 1630 2226 3311
1648 2178 1710 2239 (p.
1731 2178 1792 2237 5),

213 2253 268 2297 de
297 2254 383 2308 leg.
413 2253 483 2297 IX
512 2266 554 2308 p.
576 2251 665 2297 877
675 2254 718 2297 Α
749 2252 810 2309 (p.
832 2251 929 2310 13),
970 2253 1026 2297 de
1056 2254 1142 2310 leg.
1173 2254 1241 2297 XI
1276 2267 1320 2308 p.
1342 2251 1482 2296 931A
1521 2251 1585 2310 (p.
1607 2250 1697 2309 14),
1737 2253 1792 2297 de

201 2336 261 2368 *re
291 2322 409 2379 publ.
440 2323 510 2369 III
539 2337 582 2379 p.
604 2321 745 2368 394A
775 2322 839 2381 (p.
861 2322 978 2381 15).v

331 2393 417 2438 Vel
465 2393 618 2448 Plato,
679 2394 766 2439 etsi
824 2406 1137 2449 nonnunquam
1197 2393 1498 2449 philosophiae
1553 2396 1792 2443 commotus

207 2464 457 2510 rationibus
498 2464 604 2508 deos
643 2464 845 2510 laetitiae
885 2467 933 2509 et
973 2464 1137 2510 doloris
1178 2463 1418 2519 participes
1459 2477 1560 2510 esse
1593 2463 1791 2523 negato,

209 2537 361 2586 tamen
407 2536 507 2579 tota
551 2536 698 2579 mente
739 2536 872 2593 atque
919 2534 1064 2580 animo
1110 2533 1176 2578 illi
1215 2534 1364 2590 populi
1404 2533 1473 2580 sui
1513 2536 1568 2582 de
1613 2536 1791 2585 deorum

331 2703 367 2749 1)
391 2704 435 2738 nt
459 2699 608 2738 Phileb.
632 2711 671 2747 p.
686 2699 791 2739 3313.
831 2699 895 2737 Ad
920 2710 967 2736 ea
991 2709 1088 2746 quae
1107 2699 1343 2737 Protarchus
1365 2701 1490 2745 dixit-¹,
1506 2693 1635 2740 οὔκων
1647 2704 1733 2747 οἰκός
1752 2714 1789 2750 2¹·

207 2763 279 2800 οὔτε
297 2763 430 2812 χαίρειν
454 2762 595 2801 θεοὺς-ο
575 2775 647 2796 ova
668 2775 704 2795 w
729 2760 878 2796 §vando-v
926 2759 1124 2800 Socrates·
1149 2761 1238 2797 πάνυ
1259 2764 1324 2809 μὲν
1347 2754 1447 2799 οῧνο
1467 2764 1613 2805 κείκῦς·
1636 2764 1790 2813 ‹3qu

185 2818 767 2880 ιμῦαῧῶνὲαρωγιγώμυῶ
788 2820 884 2858 dona.
