2001 3296
900 432 1120 508 vita.

343 625 431 663 Otto
455 626 572 663 Loew
597 625 791 661 Borussus
815 624 930 659 natus
954 631 1037 659 sum
1061 621 1309 668 Gambergae,
1343 621 1382 658 in
1408 621 1553 668 oppido
1578 620 1804 666 Nassoviae,

226 695 261 723 a.
286 685 322 725 d.
346 686 394 726 V.
417 687 516 724 Non.
539 685 608 723 Iul.
633 683 723 721 anni
746 681 1090 720 MDOGOLXXXV
1113 684 1223 729 patre
1247 680 1442 729 Adolpho‚
1466 684 1589 719 matre
1614 680 1759 729 Sophia
1783 692 1805 718 e

224 748 337 792 gente
361 745 573 783 Schiissler.
621 743 730 781 Fidei
754 739 932 779 addictus
956 752 1039 779 sum
1063 742 1324 789 evangelicae.

342 805 571 849 Ijtterarum
596 802 794 841 elementis
809 799 1018 839 instructus
1033 804 1237 849 postquam
1261 812 1330 848 per
1346 805 1528 848 quattuor
1551 812 1674 840 annos
1690 801 1804 848 patrii

151 908 156 913 ‘
228 863 358 911 oppidi
382 864 539 901 scholae
566 862 741 908 „Hohere
763 861 1081 899 Knabenschule⁴⁶
1109 871 1207 908 quae
1231 861 1630 909 vocaturuiscipulus
1655 860 1722 906 fui,
1754 861 1803 898 ab

225 934 324 961 anuo
344 924 483 971 prioris
500 922 642 961 saeculi
656 922 705 959 Ic
722 921 961 970 gymnasium
976 920 1218 968 frequentavi
1233 920 1567 968 Dillenburgense,
1591 919 1697 967 quod
1713 924 1803 957 tunc

193 980 197 984 “
226 994 249 1019 a
284 983 497 1021 Christiano
534 981 759 1030 Langsdorf
794 981 1010 1028 regebatur.
1068 981 1169 1018 Vere
1206 980 1296 1017 anni
1333 981 1371 1018 h.
1407 991 1438 1017 s.
1473 980 1538 1018 IV.
1575 980 1804 1017 maturitatis

226 1042 387 1090 adeptus
411 1042 666 1083 testimonium
688 1045 732 1079 ut
757 1040 894 1078 studiis
917 1043 977 1078 me
1003 1041 1181 1079 dederem
1215 1040 1427 1088 philologis
1464 1043 1577 1087 atque
1610 1039 1804 1078 historicis

226 1102 361 1139 almam
383 1097 542 1140 matre'm
568 1102 648 1139 adii
663 1101 959 1149 Tubingensem,
985 1101 1092 1138 cuius
1116 1111 1186 1148 per
1211 1110 1279 1137 sex
1302 1110 1452 1137 menses
1477 1099 1575 1137 civis
1598 1099 1666 1137 fui.
1715 1100 1804 1138 Uni—

227 1162 449 1200 versitatum
473 1161 762 1210 Marpurgensis
786 1172 857 1209 per
877 1161 940 1214 'bis
965 1171 1080 1199 senos
1103 1171 1253 1199 menses
1277 1160 1382 1208 (inde
1415 1160 1464 1198 ab
1499 1163 1681 1197 autumno
1714 1160 1805 1197 anni

227 1222 386 1260 Mcmv
422 1227 543 1269 usque
580 1222 631 1258 ad
654 1221 888 1268 insequentis
926 1221 1015 1258 anni
1052 1225 1294 1267 autumnum),
1334 1220 1594 1258 Berolinensis
1630 1231 1701 1268 per
1736 1231 1804 1257 sex

226 1291 372 1318 menses
406 1283 607 1327 (annorum
629 1280 857 1327 Mcuv-VI)
889 1284 1091 1327 postqum
1123 1280 1179 1316 fui
1213 1280 1327 1324 civis,
1360 1290 1452 1317 vere
1486 1280 1576 1316 anni
1605 1279 1643 1318 h.
1673 1291 1704 1316 s.
1737 1280 1804 1317 VI.

226 1340 469 1389 Mra-purgum
492 1351 672 1379 reversus
703 1351 773 1388 per
796 1340 870 1378 hos
904 1340 1105 1378 continuos
1138 1351 1260 1377 annos
1293 1339 1429 1377 studiis
1462 1350 1617 1387 operam
1650 1340 1804 1378 navavi.

229 1401 394 1437 Examen
419 1400 635 1447 rigorosum
660 1400 841 1447 superavi
867 1412 901 1439 a.
921 1400 966 1447 v(l.
988 1400 1053 1439 VI.
1069 1400 1155 1438 Kal.
1171 1400 1251 1438 Iun.
1300 1400 1429 1446 Usque
1453 1400 1505 1436 ad
1528 1400 1628 1438 diem
1652 1411 1803 1447 promo-

226 1459 338 1496 tionis
362 1459 560 1507 Marpmegi
584 1462 763 1497 versatus
787 1470 881 1499 sum.
1363 1498 1368 1503 ,

343 1519 565 1556 Docuerunt
597 1530 656 1557 me
693 1519 766 1560 viri
801 1519 1011 1556 doctissimi
1043 1519 1329 1567 Tubingenses:
1366 1531 1405 1556 v,
1441 1518 1591 1564 Below,
1627 1518 1803 1556 Bohnen-

208 1578 375 1626 -berger,
399 1578 539 1626 Busan,
563 1578 701 1624 Jacob,
726 1590 764 1615 v.
789 1579 931 1626 Lange,
956 1590 995 1617 v,
1021 1578 1219 1626 Schwabe,
1246 1578 1382 1626 Spitta,
1397 1578 1570 1626 Triepelt,
1585 1578 1801 1615 Berolinen·

226 1648 308 1675 ses:
331 1637 543 1686 Baginsky,
568 1639 745 1687 Breysig,
770 1637 932 1685 Dessau,
956 1639 1077 1685 Diels,
1101 1638 1264 1684 Fritsch,
1281 1638 1402 1684 Helm,
1425 1637 1575 1676 Kekule
1591 1650 1631 1676 V.
1648 1637 1804 1675 Sti-ado-

226 1697 314 1743 nitz,
337 1697 384 1735 R.
399 1698 605 1744 Lehmann,
629 1699 743 1745 Lenz,
768 1698 840 1736 Ed.
855 1699 997 1747 Meyer,
1013 1698 1175 1747 Vahlen,
1199 1710 1237 1737 V.
1254 1698 1805 1744 wilamowitz-Moellendorff,

227 1755 463 1806 winnefem,
500 1758 817 1807 Marpurgenses:
854 1759 998 1805 Andre,
1031 1759 1124 1805 Birt,
1158 1758 1281 1805 Bock,
1314 1758 1457 1805 Cohen,
1491 1759 1655 1807 Glagau,
1688 1758 1806 1796 Kalb-

227 1817 368 1862 fleisch,
393 1817 526 1863 Klebs,
551 1819 690 1864 Maass,
715 1820 879 1864 Memor,
904 1819 1030 1864 Mirbt,
1054 1820 1213 1865 Natorp,
1238 1819 1365 1864 Niese,
1398 1831 1438 1856 v,
1463 1819 1501 1856 d.
1525 1819 1651 1865 Ropp,
1677 1819 1805 1856 Sieve·

226 1876 331 1924 king,
368 1875 536 1925 Stengel‚
574 1890 612 1917 v,
651 1877 780 1927 Sybel,
816 1878 958 1924 Thiele,
994 1878 1153 1924 Thumb,
1189 1878 1465 1926 Varrentrapp.
1525 1877 1804 1915 Proseminario

225 1936 425 1984 philologo
451 1940 494 1973 ut
516 1948 586 1984 per
611 1938 671 1975 bis
697 1950 812 1977 senos
836 1948 986 1977 menses
1009 1939 1243 1984 interessem,
1269 1934 1543 1976 concesserunt
1558 1938 1806 1984 Kalbsseisch,

228 1996 364 2042 Maass,
388 1995 540 2042 Thiele3
563 2000 606 2034 ut
630 1990 822 2036 seminarii
837 1998 1026 2046 philologi
1041 2009 1111 2046 per
1135 1998 1195 2036 bis
1211 2009 1327 2036 senos
1351 2008 1502 2036 mensos
1519 1998 1666 2035 sodalis
1682 2008 1806 2035 essem

228 2056 452 2101 ordinarius,
476 2056 709 2095 humanitate
743 2055 923 2096 effectum
957 2062 1016 2096 est
1040 2058 1161 2104 Birtii,
1194 2058 1467 2104 Kalbsseischii‚
1501 2050 1655 2095 Maassii
1686 2057 1806 2097 direc-

228 2119 363 2154 torum.
409 2116 758 2155 Exercitationibus
782 2118 947 2165 benigne
972 2129 1032 2155 me
1057 2118 1291 2156 admiserunt
1314 2118 1507 2155 historicis
1531 2128 1601 2165 per
1614 2117 1674 2155 bis
1692 2129 1807 2156 senos

228 2185 377 2213 menses
401 2175 523 2214 Klebs
547 2180 587 2215 et
610 2189 649 2215 V.
676 2178 713 2216 d.
737 2179 864 2226 Ropp,
888 2190 958 2226 per
992 2189 1106 2216 senos
1138 2189 1289 2216 menses
1314 2178 1477 2227 Glagau,
1509 2178 1647 2223 Jacob.
1680 2178 1806 2225 Niese,

227 2234 466 2282 philosophis
481 2288 485 2294 1
502 2247 572 2282 per
611 2237 673 2275 bis
712 2249 828 2276 senos
867 2248 1018 2276 menses
1054 2239 1213 2285 Natum,
1254 2238 1587 2285 palaeographicis
1628 2249 1699 2285 per
1738 2249 1807 2275 sex

227 2293 571 2341 menses.Stengel.

347 2353 490 2397 Quibus
514 2355 609 2393 viris
635 2357 809 2396 omnibus
834 2358 981 2404 gratias
1005 2369 1081 2405 ago
1106 2358 1301 2404 maximas,
1326 2361 1480 2406 praeter
1504 2361 1655 2395 ceteros
1681 2361 1806 2395 autem

227 2412 403 2458 Maassio,
429 2413 493 2460 qui
517 2415 568 2452 ad
592 2415 692 2454 hanc
717 2417 919 2455 materiam>
936 2418 1175 2455 tractandam
1199 2429 1259 2456 me
1283 2418 1503 2456 invitaverit
1527 2421 1641 2465 atque
1665 2417 1806 2468 insigni

228 2472 458 2510 humanitate
484 2484 634 2521 semper
657 2480 696 2514 et
720 2477 881 2514 consilio
906 2481 945 2514 et
969 2488 1089 2524 opera
1111 2489 1171 2515 me
1184 2478 1398 2515 adiuverit.
