2001 3296
853 202 1147 249 ...60—

204 334 261 382 cf.
292 334 428 382 861101.
449 334 567 393 ,(115
579 333 649 393 b):
690 341 893 394 τρέφουσι
937 341 1014 380 καὶ
1046 333 1232 386 αὔξουσι
1263 336 1397 394 τήνδε
1427 335 1510 394 τήν
1540 337 1676 396 χάριν
1708 340 1788 382 τοῦ

201 410 415 458 νικῶντος
448 412 498 450 αἱ
529 412 718 451 Momm.

205 479 256 524 Ο.
287 480 329 535 8,
362 478 443 524 8οε
475 480 780 538 κατακρύπτει
814 481 856 524 δ’
889 479 940 525 ου’
973 481 1096 533 κόνις

349 553 578 606 συγγόνων
610 552 777 596 κεδνοέν
808 554 957 611 χάριν.

209 623 450 679 „victoriae
481 623 670 680 gloriam
698 623 1052 670 laetificantem“.

324 697 387 742 Ut
417 695 601 741 Gratiae
631 696 748 751 apud
778 696 1017 741 Pindarum
1049 710 1145 741 eum
1177 697 1444 743 carminibus
1466 697 1791 753 coniunguntur

202 768 270 812 ita
286 768 482 812 carmina
496 768 608 822 ipsa,
630 770 849 822 quatenus
864 767 1083 817 laetitiam
1098 771 1272 824 parant,
1293 770 1471 827 χάριτες
1488 770 1789 826 appellantur:

202 841 240 885 I.
274 839 314 894 3,
345 839 395 884 5:
427 838 621 883 εὐκλέων
654 840 696 883 δ’
728 837 867 898 ἔργων
901 837 1073 883 ἄποινα
1106 840 1190 899 χρή
1207 843 1296 896 ,μὲν
1316 839 1515 899 ὑμνῆσαι
1537 843 1619 886 τὸν
1640 832 1786 893 ἐσλόν,

347 911 429 971 χρῆ
465 912 516 955 δὲ
546 913 796 969 κωμάζοντ’
828 910 1027 967 α’γαναῐς
1056 920 1315 972 χαρίτεσσιν
1345 914 1591 966 βαστάσαι.

322 1055 451 1112 Apud
481 1059 654 1102 eeteros
686 1059 843 1113 poetas
874 1056 1037 1113 lyricos
1069 1056 1326 1102 Gratiarum
1357 1059 1522 1111 natura
1541 1057 1696 1103 similis
1719 1061 1789 1103 est

204 1131 339 1184 atque
381 1129 497 1184 apud
539 1129 801 1174 Pindarum:
844 1129 900 1174 in
942 1129 1273 1178 universum
1313 1130 1474 1176 vitae
1514 1131 1789 1176 humanae

203 1201 541 1245 ornatriees
573 1203 729 1253 sunt,
763 1214 880 1245 eum
912 1214 1100 1246 seeum
1132 1201 1334 1246 ferunt
1363 1191 1659 1249 laetitiam
1680 1216 1789 1257 qua

203 1272 531 1317 deficiente
563 1273 689 1318 vita
720 1273 990 1329 perfecta
1020 1276 1075 1318 et
1097 1276 1488 1318 consummata
1508 1273 1585 1330 (ef.
1607 1261 1787 1332 ἄνεται)

203 1357 334 1389 esse
355 1358 464 1389 non
485 1347 706 1400 potest3
738 1348 1073 1401 praeterea,
1096 1359 1212 1389 eum
1233 1347 1374 1390 haec
1396 1345 1557 1391 vitae
1578 1347 1787 1391 ornatio

202 1416 258 1461 in
280 1416 551 1471 singulas
574 1430 665 1461 res
689 1416 1014 1470 dividatur,
1046 1417 1317 1473 singulas
1339 1431 1560 1473 qnoque
1582 1422 1790 1463 curant

202 1502 226 1531 r
236 1501 261 1532 e
272 1501 295 1531 s
336 1488 351 1531 l
366 1502 392 1532 a
404 1501 429 1532 e
440 1491 460 1532 t
470 1488 486 1532 i
497 1488 521 1531 f
526 1488 543 1531 i
554 1501 579 1532 c
590 1502 618 1532 a
628 1501 657 1532 n
668 1490 689 1532 t
699 1501 724 1532 e
736 1501 771 1532 S.
844 1489 933 1532 Sed
975 1501 1071 1532 eum
1118 1489 1271 1533 horum
1312 1491 1540 1544 poetarum
1581 1489 1788 1542 carmina,

202 1572 316 1613 quae
337 1560 511 1614 quidem
533 1560 591 1603 ad
613 1573 692 1604 nos
712 1564 1025 1615 pervenerunt,
1046 1560 1256 1615 pleraque
1277 1573 1365 1604 non
1381 1563 1561 1615 propter
1576 1561 1787 1606 victorias

203 1631 518 1677 certaminibus
533 1634 690 1687 partas
710 1631 834 1676 faeta
853 1631 956 1685 sint,
978 1632 1228 1677 necessario
1252 1631 1437 1677 Gratiae
1459 1632 1570 1677 deae
1590 1632 1790 1693 laetitiae

203 1703 402 1748 victoriis
434 1704 621 1748 effectae
652 1704 797 1748 rarius
828 1703 1126 1757 inveniuntur,
1157 1707 1207 1748 ut

203 1774 411 1819 Simonid.
427 1774 565 1830 epigr.
583 1774 688 1818 148:
708 1777 798 1818 τῶν
812 1774 1075 1833 ἐχορήγησεν
1092 1775 1252 1818 κύκλον
1268 1775 1504 1833 μελίγηρυν
1521 1774 1787 1828 Ἱππόνικος,

349 1847 643 1904 Στρούθοηός
674 1847 787 1898 υἱός,
821 1844 1018 1905 ἅρμασιν
1051 1845 1100 1890 ἐν
1131 1851 1344 1905 Χαρίτων
1377 1852 1603 1905 φορηθείς,

348 1920 402 1961 αἴ
432 1922 470 1961 οἱ
503 1918 577 1962 ἐπ’
611 1917 886 1976 ἀνθρώπους
920 1916 1063 1974 ὄνομα
1096 1919 1259 1962 κλυτόν
1292 1917 1475 1973 α’γλαάν
1507 1936 1554 1962 τε
1586 1927 1717 1963 νίκαν

348 1993 518 2048 θῆκαν,
552 1991 829 2046 ἰοστεφάνων
864 1993 984 2034 θεοῖν
1017 1993 1156 2033 ἕκατι.
1175 1995 1234 2033 M
1233 1993 1376 2041 οισοῖν,

202 2062 278 2107 ubi
308 2065 469 2118 tamen,
501 2076 598 2107 eum
620 2063 675 2107 de
696 2063 884 2108 victoria
903 2062 1072 2108 musica
1092 2066 1265 2119 agatur,
1288 2062 1466 2108 dubium
1487 2063 1592 2108 mihi
1613 2063 1789 2109 videtur

202 2147 314 2187 esse,
345 2137 490 2179 utrum
520 2135 721 2179 laetitiae
751 2134 941 2180 victoria
983 2148 1042 2179 an
1082 2135 1206 2190 poesi
1246 2134 1432 2179 effectae
1474 2135 1584 2179 deae
1625 2135 1786 2180 intelli-

203 2206 375 2261 gendae
406 2205 520 2261 sint3
562 2208 793 2261 utrumque
824 2199 1001 2251 videtur
1030 2206 1376 2262 intelligendum.
1818 2265 1822 2270 .

323 2277 435 2322 Nam
466 2291 599 2334 saepe
630 2278 916 2323 inveniuntur
936 2277 1123 2323 Gratiae
1155 2280 1368 2322 canentes
1400 2280 1446 2322 et
1476 2278 1623 2334 poesis
1647 2281 1786 2323 artem

204 2349 519 2395 laetificantem
549 2351 790 2397 donantes:

204 2422 416 2477 Bacchyl.
449 2422 489 2475 5,
521 2422 570 2467 5:
612 2417 642 2479 ἧ
684 2423 765 2466 σύν
807 2427 1048 2480 Χαρίτεσσι
1090 2424 1380 2474 βαθυζώνοις
1421 2421 1603 2479 ὑφάνας
1645 2420 1786 2478 ὕμνον

1477 2493 1573 2538 οἷπό
1610 2496 1787 2546 ζαθέας

349 2566 489 2609 νάσου
524 2566 645 2617 ξένος
677 2565 896 2625 ὑμετέραν
930 2573 1097 2622 πέμπει
1130 2567 1345 2610 κλεεννοέν
1377 2566 1421 2617 ἐς
1454 2566 1604 2610 πόλιν.

322 2639 465 2695 Quam
508 2639 563 2682 ob
604 2651 696 2682 rem
726 2634 854 2693 >apud
894 2639 973 2683 hos
1014 2640 1170 2693 poetas
1212 2651 1346 2693 saepe
1388 2651 1484 2682 eum
1514 2638 1655 2682 Musis
1687 2651 1787 2682 con-

201 2711 464 2770 iunguntur:
1516 2756 1518 2758 μ

203 2785 365 2841 Sapph.
397 2783 452 2828 fr.
485 2781 566 2827 60:
599 2782 734 2826 δεῦτέ
759 2797 840 2825 νυν
868 2778 1009 2839 ἅβραι
1031 2781 1226 2839 Χάριτες
1248 2780 1508 2837 καλλίκομοι
1526 2798 1573 2824 τε
1594 2786 1781 2829 Μοῖσαι.
