<?xml version="1.0" encoding="UTF-8"?>
<!DOCTYPE html PUBLIC "-//W3C//DTD XHTML 1.0 Transitional//EN"
    "http://www.w3.org/TR/xhtml1/DTD/xhtml1-transitional.dtd">
<html xmlns="http://www.w3.org/1999/xhtml" xml:lang="en" lang="en">
 <head>
  <title>
</title>
<meta http-equiv="Content-Type" content="text/html;charset=utf-8" />
  <meta name='ocr-system' content='tesseract 3.04.00' />
  <meta name='ocr-capabilities' content='ocr_page ocr_carea ocr_par ocr_line ocrx_word'/>
</head>
<body>
  <div class='ocr_page' id='page_1' title='image "./4630583_0069.png"; bbox 0 0 2001 3296; ppageno 0'>
   <div class='ocr_carea' id='block_1_1' title="bbox 840 238 1138 288">
    <p class='ocr_par' dir='ltr' id='par_1_1' title="bbox 840 238 1138 288">
     <span class='ocr_line' id='line_1_1' title="bbox 840 238 1138 288; baseline 0 -13"><span class='ocrx_word' id='word_1_1' title='bbox 840 238 1138 288; x_wconf 74' lang='grc'><strong>-59-</strong></span> 
     </span>
    </p>
   </div>
   <div class='ocr_carea' id='block_1_2' title="bbox 196 374 1780 1366">
    <p class='ocr_par' dir='ltr' id='par_1_2' title="bbox 196 374 1780 792">
     <span class='ocr_line' id='line_1_2' title="bbox 317 374 1777 435; baseline -0.001 -14"><span class='ocrx_word' id='word_1_2' title='bbox 317 375 447 432; x_wconf 85' lang='lat' dir='ltr'><strong>Apud</strong></span> <span class='ocrx_word' id='word_1_3' title='bbox 477 376 715 422; x_wconf 73' lang='lat' dir='ltr'><strong>Pindarum</strong></span> <span class='ocrx_word' id='word_1_4' title='bbox 745 376 1074 422; x_wconf 80' lang='lat' dir='ltr'><strong>substantivum</strong></span> <span class='ocrx_word' id='word_1_5' title='bbox 1104 376 1233 435; x_wconf 79' lang='grc' dir='ltr'><strong><em>χάρις</em></strong></span> <span class='ocrx_word' id='word_1_6' title='bbox 1263 375 1401 432; x_wconf 87' lang='lat' dir='ltr'><strong>primo</strong></span> <span class='ocrx_word' id='word_1_7' title='bbox 1437 375 1484 420; x_wconf 92' lang='lat' dir='ltr'><strong>in</strong></span> <span class='ocrx_word' id='word_1_8' title='bbox 1513 374 1777 420; x_wconf 78' lang='lat' dir='ltr'><strong>¹universum</strong></span> 
     </span>
     <span class='ocr_line' id='line_1_3' title="bbox 198 445 1780 504; baseline -0.001 -12"><span class='ocrx_word' id='word_1_9' title='bbox 198 447 371 492; x_wconf 89' lang='lat' dir='ltr'><strong>omnino</strong></span> <span class='ocrx_word' id='word_1_10' title='bbox 402 447 448 492; x_wconf 87' lang='lat' dir='ltr'><strong>id</strong></span> <span class='ocrx_word' id='word_1_11' title='bbox 479 448 595 503; x_wconf 84' lang='lat' dir='ltr'><strong>quod</strong></span> <span class='ocrx_word' id='word_1_12' title='bbox 624 447 800 493; x_wconf 85' lang='lat' dir='ltr'><strong>laetitia</strong></span> <span class='ocrx_word' id='word_1_13' title='bbox 829 447 972 493; x_wconf 80' lang='lat' dir='ltr'><strong>afficit</strong></span> <span class='ocrx_word' id='word_1_14' title='bbox 1002 447 1237 504; x_wconf 81' lang='lat' dir='ltr'><strong>signifieat,</strong></span> <span class='ocrx_word' id='word_1_15' title='bbox 1282 451 1331 492; x_wconf 89' lang='lat' dir='ltr'><strong>ut</strong></span> <span class='ocrx_word' id='word_1_16' title='bbox 1361 449 1408 492; x_wconf 93' lang='lat' dir='ltr'><strong>P.</strong></span> <span class='ocrx_word' id='word_1_17' title='bbox 1442 446 1510 501; x_wconf 92' lang='lat'><strong>11,</strong></span> <span class='ocrx_word' id='word_1_18' title='bbox 1542 446 1601 490; x_wconf 83' lang='lat'><strong>58</strong></span> <span class='ocrx_word' id='word_1_19' title='bbox 1615 445 1665 503; x_wconf 87' lang='grc'><strong>1),</strong></span> <span class='ocrx_word' id='word_1_20' title='bbox 1706 446 1780 501; x_wconf 89' lang='lat' dir='ltr'><strong>qui</strong></span> 
     </span>
     <span class='ocr_line' id='line_1_4' title="bbox 198 517 1779 577; baseline -0.001 -13"><span class='ocrx_word' id='word_1_21' title='bbox 198 532 305 565; x_wconf 83' lang='lat' dir='ltr'><strong>usus</strong></span> <span class='ocrx_word' id='word_1_22' title='bbox 336 520 603 577; x_wconf 81' lang='lat' dir='ltr'><strong>etymologia</strong></span> <span class='ocrx_word' id='word_1_23' title='bbox 633 533 803 575; x_wconf 88' lang='lat' dir='ltr'><strong>quoque</strong></span> <span class='ocrx_word' id='word_1_24' title='bbox 832 520 1091 577; x_wconf 75' lang='lat' dir='ltr'><strong>principalis</strong></span> <span class='ocrx_word' id='word_1_25' title='bbox 1123 534 1177 565; x_wconf 83' lang='lat' dir='ltr'><strong>ao</strong></span> <span class='ocrx_word' id='word_1_26' title='bbox 1207 517 1440 576; x_wconf 82' lang='lat' dir='ltr'><strong>primarius</strong></span> <span class='ocrx_word' id='word_1_27' title='bbox 1477 522 1560 565; x_wconf 88' lang='lat' dir='ltr'><strong>est.</strong></span> <span class='ocrx_word' id='word_1_28' title='bbox 1622 518 1779 564; x_wconf 83' lang='lat' dir='ltr'><strong>Adiec-</strong></span> 
     </span>
     <span class='ocr_line' id='line_1_5' title="bbox 196 590 1778 649; baseline -0.001 -13"><span class='ocrx_word' id='word_1_29' title='bbox 196 591 335 638; x_wconf 84' lang='lat' dir='ltr'><strong>tivum</strong></span> <span class='ocrx_word' id='word_1_30' title='bbox 372 604 543 647; x_wconf 85' lang='lat' dir='ltr'><strong>quoque</strong></span> <span class='ocrx_word' id='word_1_31' title='bbox 583 599 765 649; x_wconf 78' lang='grc' dir='ltr'><strong><em>χαρίεις,</em></strong></span> <span class='ocrx_word' id='word_1_32' title='bbox 808 592 918 648; x_wconf 90' lang='lat' dir='ltr'><strong>quod</strong></span> <span class='ocrx_word' id='word_1_33' title='bbox 966 592 1135 637; x_wconf 84' lang='lat' dir='ltr'><strong>duobus</strong></span> <span class='ocrx_word' id='word_1_34' title='bbox 1178 595 1351 637; x_wconf 89' lang='lat' dir='ltr'><strong>tantum</strong></span> <span class='ocrx_word' id='word_1_35' title='bbox 1391 591 1501 637; x_wconf 80' lang='lat' dir='ltr'><strong>loeis</strong></span> <span class='ocrx_word' id='word_1_36' title='bbox 1541 590 1778 640; x_wconf 87' lang='lat' dir='ltr'><strong>invenitur,</strong></span> 
     </span>
     <span class='ocr_line' id='line_1_6' title="bbox 196 663 1779 722; baseline -0.001 -13"><span class='ocrx_word' id='word_1_37' title='bbox 196 666 383 719; x_wconf 87' lang='lat' dir='ltr'><strong>utroque</strong></span> <span class='ocrx_word' id='word_1_38' title='bbox 417 664 514 709; x_wconf 83' lang='lat' dir='ltr'><strong>loco</strong></span> <span class='ocrx_word' id='word_1_39' title='bbox 544 664 591 709; x_wconf 90' lang='lat' dir='ltr'><strong>in</strong></span> <span class='ocrx_word' id='word_1_40' title='bbox 632 663 883 710; x_wconf 81' lang='lat' dir='ltr'><strong>universum</strong></span> <span class='ocrx_word' id='word_1_41' title='bbox 925 664 1149 722; x_wconf 83' lang='lat' dir='ltr'><strong>significat</strong></span> <span class='ocrx_word' id='word_1_42' title='bbox 1184 664 1254 721; x_wconf 83' lang='lat' dir='ltr'><strong>„id</strong></span> <span class='ocrx_word' id='word_1_43' title='bbox 1298 664 1413 720; x_wconf 80' lang='lat' dir='ltr'><strong>quod</strong></span> <span class='ocrx_word' id='word_1_44' title='bbox 1456 664 1588 722; x_wconf 80' lang='grc' dir='ltr'><em>χάριν</em></span> <span class='ocrx_word' id='word_1_45' title='bbox 1630 675 1779 709; x_wconf 83' lang='lat' dir='ltr'><strong>seeum</strong></span> 
     </span>
     <span class='ocr_line' id='line_1_7' title="bbox 197 735 870 792; baseline 0.003 -12"><span class='ocrx_word' id='word_1_46' title='bbox 197 735 329 791; x_wconf 86' lang='lat' dir='ltr'><strong>fert“,</strong></span> <span class='ocrx_word' id='word_1_47' title='bbox 360 736 388 782; x_wconf 70' lang='lat' dir='ltr'><strong>i‘.</strong></span> <span class='ocrx_word' id='word_1_48' title='bbox 419 750 456 782; x_wconf 92' lang='lat' dir='ltr'><strong>e.</strong></span> <span class='ocrx_word' id='word_1_49' title='bbox 488 737 604 792; x_wconf 86' lang='lat' dir='ltr'><strong>qnod</strong></span> <span class='ocrx_word' id='word_1_50' title='bbox 633 737 870 782; x_wconf 76' lang='lat' dir='ltr'><strong>laetificat:</strong></span> 
     </span>
    </p>

    <p class='ocr_par' dir='ltr' id='par_1_3' title="bbox 197 803 1780 1366">
     <span class='ocr_line' id='line_1_8' title="bbox 197 803 1090 864; baseline 0 -12"><span class='ocrx_word' id='word_1_51' title='bbox 197 809 246 853; x_wconf 91' lang='lat' dir='ltr'><strong>P.</strong></span> <span class='ocrx_word' id='word_1_52' title='bbox 277 808 318 863; x_wconf 81' lang='lat'><strong>5,</strong></span> <span class='ocrx_word' id='word_1_53' title='bbox 350 803 469 855; x_wconf 75' lang='lat'>1072,</span> <span class='ocrx_word' id='word_1_54' title='bbox 491 843 500 852; x_wconf 91' lang='lat'><strong>.</strong></span> <span class='ocrx_word' id='word_1_55' title='bbox 526 843 535 851; x_wconf 91' lang='lat'><strong><em>.</em></strong></span> <span class='ocrx_word' id='word_1_56' title='bbox 561 844 570 852; x_wconf 89' lang='lat'>.</span> <span class='ocrx_word' id='word_1_57' title='bbox 606 806 764 864; x_wconf 72' lang='grc' dir='ltr'><strong><em>ἔχοντα</em></strong></span> <span class='ocrx_word' id='word_1_58' title='bbox 796 810 1090 853; x_wconf 70' lang='grc' dir='ltr'><strong><em>Πυθωνόθεν</em></strong></span> 
     </span>
     <span class='ocr_line' id='line_1_9' title="bbox 339 879 1171 938; baseline 0.002 -16"><span class='ocrx_word' id='word_1_59' title='bbox 339 879 392 922; x_wconf 77' lang='grc' dir='ltr'><strong><em>τό</em></strong></span> <span class='ocrx_word' id='word_1_60' title='bbox 425 880 681 923; x_wconf 80' lang='grc' dir='ltr'><strong><em>καλλίνικον</em></strong></span> <span class='ocrx_word' id='word_1_61' title='bbox 711 881 916 938; x_wconf 83' lang='grc' dir='ltr'><strong><em>λυτήριον</em></strong></span> <span class='ocrx_word' id='word_1_62' title='bbox 948 881 1171 924; x_wconf 80' lang='grc' dir='ltr'><strong><em>δαπανᾶν</em></strong></span> 
     </span>
     <span class='ocr_line' id='line_1_10' title="bbox 320 949 668 1010; baseline 0.003 -16"><span class='ocrx_word' id='word_1_63' title='bbox 320 949 470 1008; x_wconf 58' lang='grc' dir='ltr'><strong>&gt;μέλος</strong></span> <span class='ocrx_word' id='word_1_64' title='bbox 500 959 668 1010; x_wconf 89' lang='grc' dir='ltr'><strong><em>χαρίεν.</em></strong></span> 
     </span>
     <span class='ocr_line' id='line_1_11' title="bbox 198 1022 1051 1081; baseline -0.001 -14"><span class='ocrx_word' id='word_1_65' title='bbox 198 1024 250 1067; x_wconf 90' lang='lat' dir='ltr'><strong>N.</strong></span> <span class='ocrx_word' id='word_1_66' title='bbox 282 1022 322 1077; x_wconf 83' lang='lat'><strong>3,</strong></span> <span class='ocrx_word' id='word_1_67' title='bbox 355 1023 432 1067; x_wconf 80' lang='lat'><strong>12:</strong></span> <span class='ocrx_word' id='word_1_68' title='bbox 465 1031 677 1081; x_wconf 85' lang='grc' dir='ltr'><strong><em>χαρίεντα</em></strong></span> <span class='ocrx_word' id='word_1_69' title='bbox 712 1024 753 1067; x_wconf 81' lang='grc' dir='ltr'><strong>δ’</strong></span> <span class='ocrx_word' id='word_1_70' title='bbox 785 1024 874 1073; x_wconf 79' lang='grc' dir='ltr'><strong><em>ἔξει</em></strong></span> <span class='ocrx_word' id='word_1_71' title='bbox 908 1024 1051 1067; x_wconf 86' lang='grc' dir='ltr'><strong><em>πόνον</em></strong></span> 
     </span>
     <span class='ocr_line' id='line_1_12' title="bbox 339 1092 1389 1154; baseline 0 -17"><span class='ocrx_word' id='word_1_72' title='bbox 339 1094 489 1152; x_wconf 78' lang='grc' dir='ltr'><strong><em>χώρας.</em></strong></span> <span class='ocrx_word' id='word_1_73' title='bbox 517 1092 717 1152; x_wconf 72' lang='grc' dir='ltr'><strong><em>ἄγαλμα,</em></strong></span> <span class='ocrx_word' id='word_1_74' title='bbox 750 1095 1040 1153; x_wconf 80' lang='grc' dir='ltr'><strong><em>Μυρμιδόνες</em></strong></span> <span class='ocrx_word' id='word_1_75' title='bbox 1071 1096 1147 1139; x_wconf 84' lang='grc' dir='ltr'><strong>ἵνα</strong></span> <span class='ocrx_word' id='word_1_76' title='bbox 1182 1095 1389 1154; x_wconf 85' lang='grc' dir='ltr'><strong><em>πρότεροι</em></strong></span> 
     </span>
     <span class='ocr_line' id='line_1_13' title="bbox 343 1164 532 1224; baseline 0.011 -16"><span class='ocrx_word' id='word_1_77' title='bbox 343 1164 532 1224; x_wconf 76' lang='grc' dir='ltr'><strong><em>ᾤκησαν.</em></strong></span> 
     </span>
     <span class='ocr_line' id='line_1_14' title="bbox 198 1237 1780 1295; baseline 0.001 -14"><span class='ocrx_word' id='word_1_78' title='bbox 198 1237 289 1288; x_wconf 69' lang='grc' dir='ltr'><strong><em>ἔξει</em></strong></span> <span class='ocrx_word' id='word_1_79' title='bbox 322 1238 379 1283; x_wconf 87' lang='lat' dir='ltr'><strong>ad</strong></span> <span class='ocrx_word' id='word_1_80' title='bbox 410 1238 586 1283; x_wconf 83' lang='lat' dir='ltr'><strong>chorum</strong></span> <span class='ocrx_word' id='word_1_81' title='bbox 617 1238 895 1284; x_wconf 88' lang='lat' dir='ltr'><strong>referendum</strong></span> <span class='ocrx_word' id='word_1_82' title='bbox 934 1241 1031 1294; x_wconf 86' lang='lat' dir='ltr'><strong>est,·</strong></span> <span class='ocrx_word' id='word_1_83' title='bbox 1058 1239 1132 1295; x_wconf 86' lang='lat' dir='ltr'><strong>qui</strong></span> <span class='ocrx_word' id='word_1_84' title='bbox 1172 1239 1275 1283; x_wconf 82' lang='lat' dir='ltr'><strong>dum</strong></span> <span class='ocrx_word' id='word_1_85' title='bbox 1315 1240 1398 1284; x_wconf 85' lang='lat' dir='ltr'><strong>hoc</strong></span> <span class='ocrx_word' id='word_1_86' title='bbox 1439 1251 1615 1284; x_wconf 83' lang='lat' dir='ltr'><strong>carmen</strong></span> <span class='ocrx_word' id='word_1_87' title='bbox 1657 1237 1780 1283; x_wconf 85' lang='lat' dir='ltr'><strong>canit</strong></span> 
     </span>
     <span class='ocr_line' id='line_1_15' title="bbox 198 1310 1777 1366; baseline -0.001 -12"><span class='ocrx_word' id='word_1_88' title='bbox 198 1310 398 1366; x_wconf 81' lang='lat' dir='ltr'><strong>Aeginae</strong></span> <span class='ocrx_word' id='word_1_89' title='bbox 414 1314 715 1355; x_wconf 79' lang='lat' dir='ltr'><strong>ornamentum</strong></span> <span class='ocrx_word' id='word_1_90' title='bbox 732 1311 1364 1365; x_wconf 80' lang='lat' dir='ltr'><strong>est31aboremlaetificantem</strong></span> <span class='ocrx_word' id='word_1_91' title='bbox 1380 1312 1562 1355; x_wconf 85' lang='lat' dir='ltr'><strong>habebit</strong></span> <span class='ocrx_word' id='word_1_92' title='bbox 1578 1311 1777 1354; x_wconf 82' lang='lat' dir='ltr'><strong>canendo</strong></span> 
     </span>
    </p>
   </div>
   <div class='ocr_carea' id='block_1_3' title="bbox 177 1381 1778 2809">
    <p class='ocr_par' dir='ltr' id='par_1_4' title="bbox 197 1381 500 1428">
     <span class='ocr_line' id='line_1_16' title="bbox 197 1381 500 1428; baseline 0.003 -2"><span class='ocrx_word' id='word_1_93' title='bbox 197 1381 280 1426; x_wconf 81' lang='lat' dir='ltr'><strong>hoc</strong></span> <span class='ocrx_word' id='word_1_94' title='bbox 310 1394 500 1428; x_wconf 81' lang='lat' dir='ltr'><strong>carmen.</strong></span> 
     </span>
    </p>

    <p class='ocr_par' dir='ltr' id='par_1_5' title="bbox 194 1417 1776 1787">
     <span class='ocr_line' id='line_1_17' title="bbox 313 1417 1776 1510; baseline 0 -13"><span class='ocrx_word' id='word_1_95' title='bbox 313 1455 500 1498; x_wconf 86' lang='lat' dir='ltr'><strong>Praeter</strong></span> <span class='ocrx_word' id='word_1_96' title='bbox 528 1455 644 1498; x_wconf 81' lang='lat' dir='ltr'><strong>hane</strong></span> <span class='ocrx_word' id='word_1_97' title='bbox 675 1454 970 1499; x_wconf 82' lang='lat' dir='ltr'><strong>universalem</strong></span> <span class='ocrx_word' id='word_1_98' title='bbox 997 1417 1363 1510; x_wconf 81' lang='lat' dir='ltr'><strong>significationem</strong></span> <span class='ocrx_word' id='word_1_99' title='bbox 1385 1455 1583 1510; x_wconf 86' lang='lat' dir='ltr'><strong>singulas</strong></span> <span class='ocrx_word' id='word_1_100' title='bbox 1605 1467 1776 1508; x_wconf 83' lang='lat' dir='ltr'><strong>quoqne</strong></span> 
     </span>
     <span class='ocr_line' id='line_1_18' title="bbox 197 1524 1778 1584; baseline 0 -15"><span class='ocrx_word' id='word_1_101' title='bbox 197 1525 243 1569; x_wconf 86' lang='lat' dir='ltr'><strong>et</strong></span> <span class='ocrx_word' id='word_1_102' title='bbox 284 1528 431 1570; x_wconf 80' lang='lat' dir='ltr'><strong>certas</strong></span> <span class='ocrx_word' id='word_1_103' title='bbox 476 1539 548 1571; x_wconf 83' lang='lat' dir='ltr'><strong>res</strong></span> <span class='ocrx_word' id='word_1_104' title='bbox 594 1525 888 1576; x_wconf 83' lang='lat' dir='ltr'><strong>laetificantes</strong></span> <span class='ocrx_word' id='word_1_105' title='bbox 933 1525 1063 1584; x_wconf 75' lang='grc' dir='ltr'><strong><em>χάρις</em></strong></span> <span class='ocrx_word' id='word_1_106' title='bbox 1105 1526 1221 1582; x_wconf 84' lang='lat' dir='ltr'><strong>apud</strong></span> <span class='ocrx_word' id='word_1_107' title='bbox 1261 1525 1498 1571; x_wconf 81' lang='lat' dir='ltr'><strong>Pindarum</strong></span> <span class='ocrx_word' id='word_1_108' title='bbox 1541 1524 1778 1583; x_wconf 83' lang='lat' dir='ltr'><strong>signifieat,</strong></span> 
     </span>
     <span class='ocr_line' id='line_1_19' title="bbox 194 1597 1771 1653; baseline -0.001 -12"><span class='ocrx_word' id='word_1_109' title='bbox 194 1598 405 1653; x_wconf 83' lang='lat' dir='ltr'><strong>imprimis</strong></span> <span class='ocrx_word' id='word_1_110' title='bbox 450 1598 696 1651; x_wconf 79' lang='lat' dir='ltr'><strong>victoriam,</strong></span> <span class='ocrx_word' id='word_1_111' title='bbox 742 1601 958 1652; x_wconf 83' lang='lat' dir='ltr'><strong>quatenus</strong></span> <span class='ocrx_word' id='word_1_112' title='bbox 984 1598 1220 1644; x_wconf 82' lang='lat' dir='ltr'><strong>,laetitiam</strong></span> <span class='ocrx_word' id='word_1_113' title='bbox 1265 1601 1415 1652; x_wconf 83' lang='lat' dir='ltr'><strong>parat,</strong></span> <span class='ocrx_word' id='word_1_114' title='bbox 1466 1600 1512 1641; x_wconf 89' lang='lat' dir='ltr'><strong>et</strong></span> <span class='ocrx_word' id='word_1_115' title='bbox 1558 1597 1771 1642; x_wconf 86' lang='lat' dir='ltr'><strong>victoriae</strong></span> 
     </span>
     <span class='ocr_line' id='line_1_20' title="bbox 194 1668 1771 1726; baseline -0.001 -12"><span class='ocrx_word' id='word_1_116' title='bbox 194 1669 508 1715; x_wconf 78' lang='lat' dir='ltr'><strong>laetificantem</strong></span> <span class='ocrx_word' id='word_1_117' title='bbox 537 1668 626 1715; x_wconf 88' lang='lat' dir='ltr'><strong>vim</strong></span> <span class='ocrx_word' id='word_1_118' title='bbox 667 1672 712 1715; x_wconf 89' lang='lat' dir='ltr'><strong>et</strong></span> <span class='ocrx_word' id='word_1_119' title='bbox 742 1669 1040 1726; x_wconf 66' lang='lat' dir='ltr'><strong>splendorem</strong></span> <span class='ocrx_word' id='word_1_120' title='bbox 1081 1668 1137 1715; x_wconf 84' lang='lat' dir='ltr'><strong>cf.</strong></span> <span class='ocrx_word' id='word_1_121' title='bbox 1169 1668 1353 1714; x_wconf 80' lang='lat' dir='ltr'><strong>similem</strong></span> <span class='ocrx_word' id='word_1_122' title='bbox 1384 1669 1640 1715; x_wconf 80' lang='lat' dir='ltr'><strong>Gratiarum</strong></span> <span class='ocrx_word' id='word_1_123' title='bbox 1671 1668 1771 1713; x_wconf 89' lang='lat' dir='ltr'><strong>Piu-</strong></span> 
     </span>
     <span class='ocr_line' id='line_1_21' title="bbox 197 1742 687 1787; baseline 0 -1"><span class='ocrx_word' id='word_1_124' title='bbox 197 1742 443 1787; x_wconf 84' lang='lat' dir='ltr'><strong>darioarum</strong></span> <span class='ocrx_word' id='word_1_125' title='bbox 472 1744 687 1786; x_wconf 86' lang='lat' dir='ltr'><strong>naturam.</strong></span> 
     </span>
    </p>

    <p class='ocr_par' dir='ltr' id='par_1_6' title="bbox 197 1812 1590 2017">
     <span class='ocr_line' id='line_1_22' title="bbox 197 1812 1452 1873; baseline -0.001 -14"><span class='ocrx_word' id='word_1_126' title='bbox 197 1814 248 1859; x_wconf 87' lang='lat' dir='ltr'><strong>O.</strong></span> <span class='ocrx_word' id='word_1_127' title='bbox 281 1813 321 1869; x_wconf 88' lang='lat'><strong>1,</strong></span> <span class='ocrx_word' id='word_1_128' title='bbox 352 1813 431 1859; x_wconf 82' lang='lat'><strong>18:</strong></span> <span class='ocrx_word' id='word_1_129' title='bbox 463 1812 583 1857; x_wconf 78' lang='grc' dir='ltr'><strong><em>άλλοὲ</em></strong></span> <span class='ocrx_word' id='word_1_130' title='bbox 615 1819 794 1873; x_wconf 81' lang='grc' dir='ltr'><strong><em>Δωρίαν</em></strong></span> <span class='ocrx_word' id='word_1_131' title='bbox 827 1813 924 1858; x_wconf 79' lang='grc' dir='ltr'><strong>άπό</strong></span> <span class='ocrx_word' id='word_1_132' title='bbox 958 1814 1181 1872; x_wconf 77' lang='grc' dir='ltr'><strong><em>φόρμιγγα</em></strong></span> <span class='ocrx_word' id='word_1_133' title='bbox 1216 1814 1452 1858; x_wconf 81' lang='grc' dir='ltr'><strong><em>πασσάλου</em></strong></span> 
     </span>
     <span class='ocr_line' id='line_1_23' title="bbox 340 1881 1590 1944; baseline -0.001 -15"><span class='ocrx_word' id='word_1_134' title='bbox 340 1886 554 1942; x_wconf 78' lang='grc' dir='ltr'><strong><em>λάμβαν’,</em></strong></span> <span class='ocrx_word' id='word_1_135' title='bbox 587 1888 633 1929; x_wconf 82' lang='grc' dir='ltr'><strong>εἴ</strong></span> <span class='ocrx_word' id='word_1_136' title='bbox 656 1881 705 1929; x_wconf 81' lang='grc' dir='ltr'><strong>τί</strong></span> <span class='ocrx_word' id='word_1_137' title='bbox 729 1903 796 1929; x_wconf 92' lang='grc' dir='ltr'><strong><em>τοι</em></strong></span> <span class='ocrx_word' id='word_1_138' title='bbox 831 1890 972 1939; x_wconf 84' lang='grc' dir='ltr'><strong><em>Πίσας</em></strong></span> <span class='ocrx_word' id='word_1_139' title='bbox 1002 1904 1050 1929; x_wconf 87' lang='grc' dir='ltr'><strong><em>τε</em></strong></span> <span class='ocrx_word' id='word_1_140' title='bbox 1080 1893 1156 1929; x_wconf 82' lang='grc' dir='ltr'><strong><em>καὶ</em></strong></span> <span class='ocrx_word' id='word_1_141' title='bbox 1193 1890 1430 1944; x_wconf 82' lang='grc' dir='ltr'><strong><em>Φερενίκου</em></strong></span> <span class='ocrx_word' id='word_1_142' title='bbox 1461 1887 1590 1944; x_wconf 87' lang='grc' dir='ltr'><strong><em>χάρις</em></strong></span> 
     </span>
     <span class='ocr_line' id='line_1_24' title="bbox 341 1947 1341 2017; baseline 0 -15"><span class='ocrx_word' id='word_1_143' title='bbox 341 1958 448 2003; x_wconf 90' lang='grc' dir='ltr'><strong><em>νόον</em></strong></span> <span class='ocrx_word' id='word_1_144' title='bbox 479 1957 573 2002; x_wconf 76' lang='grc' dir='ltr'><strong>ὑπό</strong></span> <span class='ocrx_word' id='word_1_145' title='bbox 605 1959 902 2013; x_wconf 80' lang='grc' dir='ltr'><strong><em>γλυκυτάταις</em></strong></span> <span class='ocrx_word' id='word_1_146' title='bbox 934 1947 1073 2016; x_wconf 75' lang='grc' dir='ltr'><strong><em>ἔθηκε</em></strong></span> <span class='ocrx_word' id='word_1_147' title='bbox 1104 1967 1341 2017; x_wconf 75' lang='grc' dir='ltr'><strong><em>φροντίσιν.</em></strong></span> 
     </span>
    </p>

    <p class='ocr_par' dir='ltr' id='par_1_7' title="bbox 177 2029 1419 2093">
     <span class='ocr_line' id='line_1_25' title="bbox 177 2029 1419 2093; baseline -0.001 -19"><span class='ocrx_word' id='word_1_148' title='bbox 177 2030 254 2075; x_wconf 61' lang='grc' dir='ltr'><strong>ὀἱ</strong></span> <span class='ocrx_word' id='word_1_149' title='bbox 285 2031 421 2075; x_wconf 77' lang='lat' dir='ltr'><strong>schol.</strong></span> <span class='ocrx_word' id='word_1_150' title='bbox 453 2029 530 2086; x_wconf 82' lang='lat'><strong>(29</strong></span> <span class='ocrx_word' id='word_1_151' title='bbox 543 2030 608 2086; x_wconf 77' lang='lat' dir='ltr'><strong>e):</strong></span> <span class='ocrx_word' id='word_1_152' title='bbox 640 2031 771 2085; x_wconf 89' lang='grc' dir='ltr'><strong><em>χάρις</em></strong></span> <span class='ocrx_word' id='word_1_153' title='bbox 803 2030 854 2073; x_wconf 78' lang='grc' dir='ltr'><strong>δὲ</strong></span> <span class='ocrx_word' id='word_1_154' title='bbox 881 2029 912 2087; x_wconf 76' lang='grc' dir='ltr'><em>ἤ</em></span> <span class='ocrx_word' id='word_1_155' title='bbox 943 2030 1021 2072; x_wconf 76' lang='grc' dir='ltr'><strong>ἐπὶ</strong></span> <span class='ocrx_word' id='word_1_156' title='bbox 1050 2033 1107 2093; x_wconf 77' lang='grc' dir='ltr'><strong><em>τῇ</em></strong></span> <span class='ocrx_word' id='word_1_157' title='bbox 1137 2036 1233 2093; x_wconf 71' lang='grc' dir='ltr'><strong><em>νίκῃ</em></strong></span> <span class='ocrx_word' id='word_1_158' title='bbox 1268 2029 1419 2087; x_wconf 76' lang='grc' dir='ltr'><strong><em>ἡδονή.</em></strong></span> 
     </span>
    </p>

    <p class='ocr_par' dir='ltr' id='par_1_8' title="bbox 199 2099 1068 2376">
     <span class='ocr_line' id='line_1_26' title="bbox 199 2099 998 2161; baseline -0.004 -14"><span class='ocrx_word' id='word_1_159' title='bbox 199 2101 255 2147; x_wconf 85' lang='grc'><strong>0.’</strong></span> <span class='ocrx_word' id='word_1_160' title='bbox 283 2102 324 2156; x_wconf 88' lang='grc'><strong>8,</strong></span> <span class='ocrx_word' id='word_1_161' title='bbox 355 2100 434 2146; x_wconf 88' lang='lat'><strong>57:</strong></span> <span class='ocrx_word' id='word_1_162' title='bbox 466 2107 550 2158; x_wconf 63' lang='lat' dir='ltr'><strong>22(ch&gt;</strong></span> <span class='ocrx_word' id='word_1_163' title='bbox 575 2099 727 2161; x_wconf 81' lang='grc' dir='ltr'><em>Νεμέᾳ</em></span> <span class='ocrx_word' id='word_1_164' title='bbox 758 2100 846 2159; x_wconf 73' lang='grc' dir='ltr'><strong>γάρ</strong></span> <span class='ocrx_word' id='word_1_165' title='bbox 880 2099 998 2157; x_wconf 79' lang='grc' dir='ltr'><strong>ὅμῶς</strong></span> 
     </span>
     <span class='ocr_line' id='line_1_27' title="bbox 341 2173 834 2231; baseline 0.002 -16"><span class='ocrx_word' id='word_1_166' title='bbox 341 2173 448 2231; x_wconf 75' lang='grc' dir='ltr'><strong><em>ἐρέω</em></strong></span> <span class='ocrx_word' id='word_1_167' title='bbox 479 2174 655 2216; x_wconf 80' lang='grc' dir='ltr'><strong><em>ταύταν</em></strong></span> <span class='ocrx_word' id='word_1_168' title='bbox 685 2174 834 2230; x_wconf 74' lang='grc' dir='ltr'><strong><em>χάριν,</em></strong></span> 
     </span>
     <span class='ocr_line' id='line_1_28' title="bbox 340 2243 1068 2304; baseline -0.001 -16"><span class='ocrx_word' id='word_1_169' title='bbox 340 2244 427 2288; x_wconf 87' lang='grc' dir='ltr'><strong><em>τοὶν</em></strong></span> <span class='ocrx_word' id='word_1_170' title='bbox 460 2244 500 2288; x_wconf 79' lang='grc' dir='ltr'><strong>δ’</strong></span> <span class='ocrx_word' id='word_1_171' title='bbox 534 2243 671 2289; x_wconf 75' lang='grc' dir='ltr'><strong><em>ἔπειτ’</em></strong></span> <span class='ocrx_word' id='word_1_172' title='bbox 706 2243 884 2304; x_wconf 72' lang='grc' dir='ltr'><strong><em>ἀνδρῶν</em></strong></span> <span class='ocrx_word' id='word_1_173' title='bbox 914 2244 1068 2301; x_wconf 84' lang='grc' dir='ltr'><strong><em>μάχας</em></strong></span> 
     </span>
     <span class='ocr_line' id='line_1_29' title="bbox 340 2317 927 2376; baseline 0.002 -16"><span class='ocrx_word' id='word_1_174' title='bbox 340 2317 390 2361; x_wconf 78' lang='grc' dir='ltr'><strong>ἐκ</strong></span> <span class='ocrx_word' id='word_1_175' title='bbox 421 2325 712 2376; x_wconf 79' lang='grc' dir='ltr'><strong><em>παγκρατίου,</em></strong></span> <span class='ocrx_word' id='word_1_176' title='bbox 925 2359 927 2361; x_wconf 88' lang='grc'>.</span> 
     </span>
    </p>

    <p class='ocr_par' dir='ltr' id='par_1_9' title="bbox 193 2388 1771 2449">
     <span class='ocr_line' id='line_1_30' title="bbox 193 2388 1771 2449; baseline 0.001 -16"><span class='ocrx_word' id='word_1_177' title='bbox 193 2389 268 2434; x_wconf 92' lang='lat' dir='ltr'><strong>ubi</strong></span> <span class='ocrx_word' id='word_1_178' title='bbox 298 2389 467 2435; x_wconf 78' lang='lat' dir='ltr'><strong>scholia</strong></span> <span class='ocrx_word' id='word_1_179' title='bbox 496 2390 570 2435; x_wconf 87' lang='lat' dir='ltr'><strong>vel</strong></span> <span class='ocrx_word' id='word_1_180' title='bbox 608 2389 761 2449; x_wconf 77' lang='grc' dir='ltr'><strong><em>χάριν.</em></strong></span> <span class='ocrx_word' id='word_1_181' title='bbox 783 2397 904 2447; x_wconf 82' lang='grc' dir='ltr'><strong><em>νίκης</em></strong></span> <span class='ocrx_word' id='word_1_182' title='bbox 948 2390 1020 2435; x_wconf 89' lang='lat' dir='ltr'><strong>vel</strong></span> <span class='ocrx_word' id='word_1_183' title='bbox 1051 2388 1309 2446; x_wconf 82' lang='lat' dir='ltr'><strong>simpliciter</strong></span> <span class='ocrx_word' id='word_1_184' title='bbox 1344 2397 1484 2448; x_wconf 82' lang='grc' dir='ltr'><strong><em>νίκην,</em></strong></span> <span class='ocrx_word' id='word_1_185' title='bbox 1526 2391 1643 2445; x_wconf 87' lang='lat' dir='ltr'><strong>quod</strong></span> <span class='ocrx_word' id='word_1_186' title='bbox 1685 2404 1771 2435; x_wconf 92' lang='lat' dir='ltr'><strong>non</strong></span> 
     </span>
    </p>

    <p class='ocr_par' dir='ltr' id='par_1_10' title="bbox 197 2462 1106 2518">
     <span class='ocr_line' id='line_1_31' title="bbox 197 2462 1106 2518; baseline 0.002 -12"><span class='ocrx_word' id='word_1_187' title='bbox 197 2465 406 2507; x_wconf 81' lang='lat' dir='ltr'><strong>accurate</strong></span> <span class='ocrx_word' id='word_1_188' title='bbox 436 2462 601 2507; x_wconf 84' lang='lat' dir='ltr'><strong>dietum</strong></span> <span class='ocrx_word' id='word_1_189' title='bbox 631 2465 713 2516; x_wconf 85' lang='lat' dir='ltr'><strong>est,</strong></span> <span class='ocrx_word' id='word_1_190' title='bbox 743 2462 1106 2518; x_wconf 86' lang='lat' dir='ltr'><strong>interpretantur.</strong></span> 
     </span>
    </p>

    <p class='ocr_par' dir='ltr' id='par_1_11' title="bbox 202 2531 1228 2809">
     <span class='ocr_line' id='line_1_32' title="bbox 202 2531 1097 2592; baseline -0.002 -14"><span class='ocrx_word' id='word_1_191' title='bbox 202 2531 356 2588; x_wconf 78' lang='lat' dir='ltr'>O.-10‚</span> <span class='ocrx_word' id='word_1_192' title='bbox 388 2532 467 2578; x_wconf 84' lang='grc'><strong>94;</strong></span> <span class='ocrx_word' id='word_1_193' title='bbox 497 2539 567 2577; x_wconf 83' lang='grc' dir='ltr'><strong>τῐν</strong></span> <span class='ocrx_word' id='word_1_194' title='bbox 600 2533 641 2576; x_wconf 71' lang='grc' dir='ltr'><strong>δ’</strong></span> <span class='ocrx_word' id='word_1_195' title='bbox 674 2531 875 2592; x_wconf 71' lang='grc' dir='ltr'><strong><em>ἁδυεπής</em></strong></span> <span class='ocrx_word' id='word_1_196' title='bbox 904 2551 952 2576; x_wconf 91' lang='grc' dir='ltr'><strong><em>τε</em></strong></span> <span class='ocrx_word' id='word_1_197' title='bbox 983 2534 1097 2592; x_wconf 81' lang='grc' dir='ltr'><strong><em>λύρα</em></strong></span> 
     </span>
     <span class='ocr_line' id='line_1_33' title="bbox 340 2603 1228 2664; baseline 0.001 -16"><span class='ocrx_word' id='word_1_198' title='bbox 340 2605 501 2659; x_wconf 80' lang='grc' dir='ltr'><strong><em>γλυκύς</em></strong></span> <span class='ocrx_word' id='word_1_199' title='bbox 530 2610 570 2648; x_wconf 77' lang='grc' dir='ltr'><strong><em>τ’</em></strong></span> <span class='ocrx_word' id='word_1_200' title='bbox 603 2604 744 2656; x_wconf 73' lang='grc' dir='ltr'><strong><em>αὐλός</em></strong></span> <span class='ocrx_word' id='word_1_201' title='bbox 776 2603 1036 2649; x_wconf 73' lang='grc' dir='ltr'><strong><em>α’ναπάσσει</em></strong></span> <span class='ocrx_word' id='word_1_202' title='bbox 1067 2607 1228 2664; x_wconf 88' lang='grc' dir='ltr'><strong><em>χάριν·</em></strong></span> 
     </span>
     <span class='ocr_line' id='line_1_34' title="bbox 340 2674 916 2736; baseline 0 -16"><span class='ocrx_word' id='word_1_203' title='bbox 340 2682 543 2736; x_wconf 75' lang='grc' dir='ltr'><strong><em>τρέφοντι</em></strong></span> <span class='ocrx_word' id='word_1_204' title='bbox 576 2677 626 2721; x_wconf 84' lang='grc' dir='ltr'><strong>δ’·</strong></span> <span class='ocrx_word' id='word_1_205' title='bbox 653 2674 758 2736; x_wconf 72' lang='grc' dir='ltr'><strong>εὕρῦ</strong></span> <span class='ocrx_word' id='word_1_206' title='bbox 792 2677 916 2729; x_wconf 86' lang='grc' dir='ltr'><strong><em>κλέος</em></strong></span> 
     </span>
     <span class='ocr_line' id='line_1_35' title="bbox 341 2750 859 2809; baseline 0.002 -16"><span class='ocrx_word' id='word_1_207' title='bbox 341 2750 474 2809; x_wconf 89' lang='grc' dir='ltr'><strong><em>κόραι</em></strong></span> <span class='ocrx_word' id='word_1_208' title='bbox 505 2750 708 2809; x_wconf 81' lang='grc' dir='ltr'><strong><em>Πιερίδες</em></strong></span> <span class='ocrx_word' id='word_1_209' title='bbox 738 2750 859 2801; x_wconf 84' lang='grc' dir='ltr'><strong><em>Διός.</em></strong></span> 
     </span>
    </p>
   </div>
   <div class='ocr_carea' id='block_1_4' title="bbox 198 2817 485 2824">
    <p class='ocr_par' dir='ltr' id='par_1_12' title="bbox 198 2817 485 2824">
     <span class='ocr_line' id='line_1_36' title="bbox 198 2817 485 2824; baseline 0 0"><span class='ocrx_word' id='word_1_210' title='bbox 198 2817 485 2824; x_wconf 95' lang='lat' dir='ltr'><strong> </strong></span> 
     </span>
    </p>
   </div>
   <div class='ocr_carea' id='block_1_5' title="bbox 262 2832 1240 2894">
    <p class='ocr_par' dir='ltr' id='par_1_13' title="bbox 262 2832 1240 2894">
     <span class='ocr_line' id='line_1_37' title="bbox 262 2832 1240 2894; baseline 0 -24"><span class='ocrx_word' id='word_1_211' title='bbox 262 2859 266 2862; x_wconf 52' lang='lat'><em>&gt;</em></span> <span class='ocrx_word' id='word_1_212' title='bbox 320 2833 356 2880; x_wconf 91' lang='lat'><strong>1)</strong></span> <span class='ocrx_word' id='word_1_213' title='bbox 381 2833 498 2870; x_wconf 77' lang='lat' dir='ltr'><strong>Hunc·</strong></span> <span class='ocrx_word' id='word_1_214' title='bbox 515 2833 641 2870; x_wconf 80' lang='lat' dir='ltr'><strong>locum</strong></span> <span class='ocrx_word' id='word_1_215' title='bbox 665 2844 756 2881; x_wconf 87' lang='lat' dir='ltr'><strong>pag.</strong></span> <span class='ocrx_word' id='word_1_216' title='bbox 778 2834 827 2871; x_wconf 86' lang='lat'><strong>35</strong></span> <span class='ocrx_word' id='word_1_217' title='bbox 850 2832 1121 2894; x_wconf 77' lang='lat' dir='ltr'><strong>interpretatus</strong></span> <span class='ocrx_word' id='word_1_218' title='bbox 1147 2845 1240 2871; x_wconf 84' lang='lat' dir='ltr'><strong>sum.</strong></span> 
     </span>
    </p>
   </div>
  </div>
 </body>
</html>
