2001 3296
258 414 262 419 ·
338 399 584 447 τετορταῑος
617 386 707 443 ἔχει
740 385 909 438 παιδός
941 384 1048 444 ἔρως
1077 387 1201 443 μῆνοὶ
1232 404 1285 442 με
1318 386 1537 445 δεύτερον,

339 461 463 503 καλῶ
491 463 575 516 μὲν
605 465 804 516 μετρίως,
834 455 939 502 dm?
972 456 1144 500 ὁπόσον
1174 460 1238 515 τῷ
1268 458 1373 501 ποδὶ
1406 465 1609 516 περρέχει

338 535 420 583 τᾶς
450 534 548 585 γοῖς,
580 532 710 575 τοῦτο
742 528 887 588 χάρις,
918 539 1018 581 ταῖς
1050 528 1101 572 δὲ
1132 529 1366 588 παραύαις
1396 528 1533 585 γλυκύ
1564 530 1730 589 μειδιᾷ.

314 603 403 648 Sed
432 604 557 646 certa
587 601 641 645 de
682 613 819 645 causa
849 601 890 645 h.
920 601 949 645 1.
979 601 1046 645 ita
1076 601 1400 657 coniunguntur
1437 603 1523 645 hae
1564 602 1764 647 notiones

196 689 335 731 neque
376 688 454 730 pro
495 672 811 720 consuetudine
853 687 904 719 ac
945 673 1046 731 lege
1086 686 1159 719 res
1200 672 1457 730 accipienda
1496 674 1579 719 est.
1647 673 1766 719 Dicit

196 747 310 792 enim
330 745 614 798 Theocritus:
644 758 753 801 puer
782 746 949 791 modice
979 746 1161 801 pulcher
1191 748 1272 799 est,
1304 746 1383 790 sed
1414 746 1456 790 ei
1486 746 1648 790 rationi
1678 759 1766 801 qua

194 818 442 876 ingreditur
455 815 491 875 1)
522 817 689 873 aliquid
717 816 835 862 inest
856 817 970 873 qnod
999 817 1217 863 laetitiam
1249 817 1426 863 efficiat.
1489 817 1609 863 Certi
1628 817 1766 873 igitur

195 890 380 934 hominis
411 890 626 934 rationem
656 889 930 946 ingrediendi
950 890 1209 935 Theocritus
1239 890 1375 948 χάριν
1396 902 1496 934 esse
1527 889 1646 944 dicit,
1677 889 1704 933 i.
1727 903 1765 935 e.

195 961 340 1016 talem,
392 966 439 1006 ut
492 961 601 1006 alios
653 960 849 1005 homines
901 961 1070 1006 afficiat
1119 961 1307 1006 laetitia.
1388 962 1483 1018 Quo
1529 961 1667 1018 igitur
1708 975 1765 1006 ex

194 1033 391 1090 exemplo
423 1032 623 1079 concludi
654 1046 741 1078 non
770 1035 919 1090 potest
946 1032 1082 1093 χάριν
1114 1033 1285 1078 omnino
1327 1046 1426 1078 esse
1467 1036 1634 1078 certum
1669 1034 1763 1089 pul·

193 1106 452 1152 chritudinis
483 1120 635 1163 genus,
666 1106 1033 1162 pulchritudinem
1063 1106 1305 1151 motoriam.
1337 1114 1339 1117 ’

311 1179 343 1224 J
344 1188 414 1223 am
444 1191 557 1234 quae
587 1178 701 1223 ratio
731 1178 849 1223 inter
878 1178 1011 1237 χάριν
1043 1180 1089 1223 et
1118 1178 1485 1234 pulchritudinem
1513 1176 1765 1232 intercedat

193 1251 631 1306 comprehendamus:
661 1250 790 1308 χάρις
821 1252 871 1294 ut
901 1253 972 1294 est
1002 1249 1175 1294 omnino
1196 1249 1242 1294 id
1263 1250 1378 1304 quod
1397 1249 1613 1295 laetitiam
1634 1250 1765 1295 affert

193 1323 258 1368 ita
301 1321 510 1378 imprimis
555 1321 601 1366 id
647 1323 717 1366 est
764 1321 878 1377 quod
921 1321 965 1365 in
1012 1321 1256 1377 pulchra
1294 1334 1344 1366 re
1384 1321 1581 1367 homines
1620 1322 1764 1367 laetos

193 1395 361 1449 reddit;
402 1407 489 1438 non
520 1396 591 1438 est
620 1393 899 1449 pulchritudo
930 1393 1030 1449 ipsa
1061 1393 1139 1438 sed
1169 1394 1507 1449 pulchritudinis
1538 1394 1608 1439 vis
1637 1394 1765 1439 laeti-

192 1467 378 1513 ficatrix.
440 1466 565 1523 Quod
607 1466 754 1511 autem
786 1464 948 1511 Graeci
987 1465 1053 1510 rei
1092 1464 1377 1526 laetificantis
1408 1478 1564 1511 nomen
1596 1466 1766 1524 (χάρις)

193 1539 450 1595 singillatim
472 1541 518 1582 et
537 1538 771 1593 praecipue
793 1533 890 1582 cu'm
911 1537 1236 1593 pulchritudine
1252 1526 1591 1594 coniungebant,
1611 1539 1766 1593 quanti

194 1609 528 1656 aestimaverint
557 1608 924 1665 pulchritudinem
960 1609 1167 1653 ostendit.

312 1739 594 1789 Pulchr-itudo
637 1754 719 1785 sua
758 1740 937 1796 propria
970 1740 1017 1785 vi
1057 1741 1334 1785 aestimanda
1374 1743 1445 1785 est
1484 1741 1564 1798 (cf.
1593 1741 1765 1786 Goethe

194 1814 301 1871 „Die
327 1814 504 1874 *Schone
535 1813 673 1857 bleibt
703 1812 799 1856 sich
829 1812 976 1856 selber
1006 1812 1192 1869 selig“);
1221 1812 1302 1857 sed
1332 1812 1391 1857 ad
1421 1826 1517 1858 eam
1549 1813 1761 1858 accedere

191 1888 341 1941 potest
360 1885 501 1943 χάρις,
535 1896 796 1939 quamquam
828 1896 883 1927 ea
912 1895 998 1927 non
1030 1896 1139 1939 opus
1171 1886 1241 1928 est
1270 1884 1594 1939 pulchritudini,
1625 1888 1675 1929 ut
1705 1885 1765 1929 sit

192 1956 404 2012 perfecta.
487 1956 655 2013 χάρις
706 1956 811 1999 hac
864 1954 1030 1999 inre
1082 1950 1306 2009 aliquid
1356 1960 1446 2000 est
1499 1957 1644 2010 quod
1696 1957 1763 2001 ad

193 2030 445 2074 ceteram
491 2026 577 2072 rei
624 2026 919 2072 cuiusdam
971 2029 1232 2071 naturam
1284 2027 1570 2072 accedens
1617 2028 1763 2072 hanc

191 2113 301 2144 rem
333 2099 771 2144 laetificantem
803 2098 1008 2142 reddit.
1070 2099 1197 2154 Quod
1227 2112 1312 2142 non
1344 2099 1469 2143 modo
1500 2099 1545 2143 in
1567 2100 1762 2155 pulchris

190 2171 241 2216 fit
280 2172 425 2226 rebus,
467 2170 545 2216 sed
586 2169 720 2214 etiam
761 2182 892 2214 veras
933 2169 1005 2215 vel
1046 2169 1177 2214 utiles
1223 2169 1473 2225 similesque
1518 2184 1591 2216 res
1633 2172 1762 2231 χάρις

192 2242 319 2297 quasi
350 2242 548 2286 comitari
584 2244 742 2296 potest.
803 2236 924 2284 'Palis
963 2242 1141 2298 χάριτος
1181 2241 1362 2296 insuper
1402 2244 1657 2288 accedentis
1688 2258 1763 2289 ex·

192 2314 378 2370 emplum
409 2312 469 2357 sit
497 2312 618 2357 Plan
643 2312 697 2356 de
727 2312 813 2368 leg.
833 2312 881 2355 II
909 2325 950 2367 p.
973 2310 1059 2356 667
1081 2312 1119 2355 Β
1146 2325 1253 2367 sqq„
1283 2313 1359 2357 ubi
1389 2314 1518 2359 Plato
1551 2318 1763 2370 quantum

191 2387 275 2431 hac
304 2385 453 2443 χάριτι
484 2383 731 2428 metiendae
761 2382 852 2427 sint
882 2382 1069 2427 scientia
1099 2386 1145 2428 et
1174 2384 1352 2430 litterae
1384 2389 1431 2430 et
1461 2389 1584 2432 artes
1604 2387 1763 2432 latiore

192 2455 488 2514 disputatione
520 2454 733 2511 explicat:

212 2590 215 2592 q
310 2529 407 2574 Hoc
447 2528 541 2572 fere
586 2527 714 2571 huius
754 2526 840 2571 loci
881 2530 1187 2585 argumentum
1227 2531 1320 2574 est:
1368 2531 1593 2583 Alimenta
1633 2532 1762 2590 χάρις

192 2602 410 2659 quaedam
437 2600 681 2654 comitatur,
711 2602 880 2645 rectam
910 2602 1057 2645 autem
1087 2602 1308 2648 rationem
1335 2606 1384 2648 et
1412 2603 1649 2650 utilitatem
1674 2618 1763 2650 non

191 2677 302 2721 haec
333 2672 567 2719 delectatio
600 2671 679 2720 sed
709 2671 950 2717 salubritas
982 2671 1132 2719 efficit.
1191 2675 1359 2721 Eodem
1384 2676 1510 2721 modo
1532 2676 1762 2722 scientiam

243 2812 245 2815 ,
289 2781 327 2827 1)
349 2779 475 2817 δηίων
496 2783 537 2826 τῷ
559 2781 637 2815 ποδὶ
658 2779 803 2827 mecine·
826 2778 889 2825 (=
905 2780 1055 2829 αριὲχει)
1077 2785 1136 2821 τᾶς
1158 2786 1230 2826 γᾶς,
1255 2783 1410 2829 proprie
1437 2786 1639 2829 „quantum
1663 2783 1765 2829 pede

193 2842 316 2877 solum
342 2839 640 2887 complectitur“,
666 2838 689 2875 i.
716 2849 748 2875 e.
774 2840 964 2885 quomodo
990 2841 1089 2888 pede
1114 2841 1297 2879 incedens
1322 2843 1446 2879 solum
1472 2843 1636 2889 attingit.
