2001 3296
837 241 1132 287 „70-

191 376 364 422 Eccles.
397 375 499 422 974.
559 376 835 421 Adulescens
866 377 1058 433 puellam
1090 377 1282 421 amatam
1313 375 1512 421 nominat

336 442 372 492 οἷ
403 448 758 508 χρυσοδαίδαλον
789 447 901 506 ἐμόν
932 449 1125 507 μέλημα,
1159 448 1387 507 Κύπριδος
1420 446 1554 507 ἔρνος,

334 523 520 577 μέλιττα
554 521 755 578 .Μούσης,
789 525 1003 580 Χαρίτων
1035 526 1233 580 θρέμμα,
1271 523 1446 579 Τρυφῆς
1479 521 1734 579 πρόσωπον.

195 593 252 638 cf.
284 593 441 638 Alcaei
472 594 526 638 fr.
558 592 628 648 62,
659 606 701 649 p.
734 592 804 638 62.

196 667 300 711 Pac.
332 665 404 710 41.
467 666 632 711 Servus
664 665 719 710 de
751 666 994 709 scarabaeo
1025 666 1241 720 loquitur:

337 734 478 793 χῶτου
512 739 608 780 ποτ)
641 735 734 779 ἐστὶ
767 736 1002 792 δαιμόνων
1034 734 1062 794 ἤ
1096 736 1319 795 προσβολή

338 807 418 853 ov'x
450 809 546 852 οἶδ’.
612 796 867 867 Ἀφροδίτης
899 812 983 864 μὲν
1013 808 1101 866 γοὲρ
1135 807 1188 852 οὔ
1217 827 1292 865 μοι
1325 816 1548 865 φαίνεται,

340 878 390 923 ου’
421 880 511 937 μήν
542 884 756 936 Χαρίτων
788 896 848 933 γε.

313 953 374 996 Ut
413 952 530 1007 apud
571 952 682 995 alios
722 953 879 1010 poetas
912 950 1096 995 Gratias
1139 953 1184 995 et
1215 951 1370 995 Musas
1413 952 1671 996 coniunctas
1713 951 1777 996 in-

192 1023 405 1078 venimus,
436 1023 503 1068 ita
534 1023 652 1079 apud
682 1023 1048 1079 Aristophanem:

193 1097 278 1141 Av.
309 1095 410 1140 781.
471 1096 687 1150 Loquitur
717 1096 851 1151 poeta
881 1096 935 1139 de
968 1108 1203 1151 cycnorum
1234 1095 1477 1140 volantium
1510 1096 1708 1152 agmine:

338 1170 431 1219 πᾶς
465 1168 505 1210 δ’
538 1166 811 1225 ἐπεκτύπηο)
835 1164 1083 1222 Ὄλυμπος·
1158 1218 1162 1225 ¹

338 1238 427 1281 εἷλε
440 1239 491 1282 δὲ
503 1239 688 1294 θάμβος
700 1237 924 1290 ἄνακτας·
941 1226 1237 1295 Ὀλυμπιάδες
1250 1239 1300 1282 δὲ
1310 1240 1441 1294 μέλος
1449 1240 1643 1298 Χάριτες
1653 1242 1775 1283 Mo&-

338 1318 420 1353 σαί
446 1312 485 1352 τ’
519 1310 829 1359 ἐπωλόλυξαν.

193 1383 351 1439 fragm.
384 1382 471 1427 314
503 1382 698 1440 (Dind'.):
739 1383 850 1440 μήτε
884 1383 1075 1433 Μούσας
1108 1380 1359 1426 οἷνακαλεῑν
1391 1382 1776 1441 ἑλικοβοστρύχους

336 1456 450 1513 μήτε
481 1456 688 1513 Χάριτας
719 1458 837 1506 βοᾶν
870 1457 931 1505 εἰς
963 1454 1097 1513 χορὸν
1130 1453 1395 1511 Ὀλυμπίας·

338 1527 515 1571 ἐνθάδε
546 1528 634 1586 γάρ
666 1532 792 1578 εἰσιν,
826 1525 884 1580 ὥς
913 1541 1049 1590 ,φησιν
1084 1525 1108 1569 o‘
1143 1527 1426 1579 διδάσκαλος.

315 1601 421 1645 Cum
470 1600 614 1656 poesi,
673 1600 798 1645 cuius
855 1600 945 1646 vim
985 1600 1236 1659 'hominibus
1283 1603 1460 1656 gratam
1506 1600 1779 1657 significant,

195 1674 370 1717 Thesm.
403 1663 491 1716 122
522 1673 861 1729 coniunguntur,
892 1672 968 1717 ubi
998 1672 1249 1728 Agathonis
1282 1674 1441 1717 chorus
1473 1672 1614 1718 cauit:

340 1745 421 1802 (SC.
454 1742 638 1788 αἐίσατε
671 1781 680 1789 .
704 1780 713 1789 .
737 1743 767 1800 .)
798 1744 938 1788 Λατώ
970 1761 1030 1794 τε,
1065 1744 1296 1802 κρούματά
1329 1746 1365 1787 τ’
1399 1742 1604 1796 Ἀσιάδος

341 1816 448 1860 ποὸῑ
481 1816 749 1874 παράρυθμ’
783 1813 992 1874 εὔρυθμα
1030 1819 1234 1873 Φρυγίων

341 1888 593 1944 ὄινεύματα
626 1891 852 1945 Χαρίτων.

199 1961 395 2019 Φρύγιαι
437 1959 633 2018 Χάριτες
681 1959 867 2004 Gratiae
914 1961 1018 2009 sunt
1060 1973 1173 2014 quae
1219 1960 1440 2016 Phrygum
1483 1959 1692 2005 musicam
1734 1963 1780 2005 et
1852 1949 1855 1952 ⁴

197 2033 463 2077 saltationes
495 2035 665 2077 curant.

314 2105 382 2149 De
413 2105 586 2149 Thesm.
615 2103 716 2158 300,
748 2104 823 2148 ubi
854 2116 943 2148 non
974 2103 1286 2160 Aristophanis
1319 2104 1395 2148 sed
1429 2104 1595 2149 veteris
1627 2117 1778 2159 preca-

194 2177 331 2221 tionis
374 2178 514 2222 verba
555 2176 812 2231 afferuntur,
854 2190 954 2233 pag.
997 2174 1055 2220 48
1097 2175 1180 2233 egi.
1224 2201 1279 2206 —
1322 2176 1389 2221 De
1419 2176 1531 2221 Nub.
1563 2175 1663 2231 773,
1704 2176 1779 2221 ubi

195 2250 404 2294 Socrates
436 2250 556 2294 iurat
591 2252 760 2305 „cog-4259
790 2266 853 2303 γε,
886 2248 941 2306 νή
974 2248 1057 2300 τοὶς
1088 2249 1340 2307 Χάριταςίς
1382 2262 1472 2293 una
1513 2262 1609 2293 cum
1650 2249 1787 2294 simili*

197 2322 382 2376 quodam
414 2322 510 2366 loco
542 2321 773 2365 Platonico
806 2321 1034 2366 disseram.

314 2465 441 2522 Apud
482 2467 712 2511 Platonem
755 2478 926 2521 quoque
962 2465 1168 2511 vocabuli
1208 2465 1338 2524 χάρις
1380 2478 1486 2510 usus
1529 2465 1641 2511 idem
1685 2466 1779 2511 fere

194 2542 264 2584 est
295 2537 579 2594 atque'apud
610 2539 865 2594 Euripidem
898 2538 958 2596 (p.
980 2538 1057 2595 65)
1092 2542 1138 2582 et
1159 2538 1502 2594 Aristophanem
1532 2539 1593 2597 (p.
1611 2539 1701 2596 68).
1723 2564 1774 2570 —
1865 2578 1868 2581 ⁴

195 2612 342 2668 Magis
385 2624 516 2666 quam
561 2611 678 2666 apud
726 2613 899 2655 ceteros
946 2610 1186 2666 scriptores
1234 2611 1350 2666 apud
1391 2623 1488 2655 eum
1538 2611 1583 2655 in
1627 2614 1780 2667 aperto

196 2687 266 2726 est
296 2684 426 2740 χάρις
456 2684 536 2727 illa
567 2684 624 2727 ad
667 2683 833 2737 aliquid
872 2683 1054 2738 insuper
1096 2683 1324 2736 accedens,
1366 2683 1420 2727 de
1463 2696 1549 2737 qua
1588 2697 1690 2739 pag.
1722 2682 1779 2727 23

196 2768 290 2809 sqq.
324 2754 772 2810 disserunexempla
803 2754 895 2800 sint
926 2754 981 2799 de
1012 2755 1099 2810 leg.
1130 2755 1188 2799 II.
1219 2768 1259 2810 p.
1292 2753 1379 2799 667
1400 2756 1439 2799 Β
1472 2756 1608 2806 (hunc
1637 2755 1780 2800 locum

194 2827 516 2882 interpretatus
549 2840 644 2870 sum
675 2840 777 2883 pag.
809 2825 1008 2882 23—26)
1051 2829 1095 2870 et
1133 2827 1187 2871 de
1218 2836 1271 2871 re‘
1299 2817 1421 2882 pubL
1449 2828 1531 2871 VH
1565 2840 1605 2882 p.
1637 2826 1725 2871 528
1747 2827 1780 2871 C
