2001 3296
905 231 1171 276 ..7.-

252 365 379 416 Blat
394 365 502 410 Tim.
534 380 574 421 p.
588 364 663 413 20
678 366 738 409 B:
780 358 907 420 ὑμῶν
949 362 1198 419 δεομένων
1216 362 1275 420 τὰ
1322 362 1457 418 περιρ
1471 363 1577 423 τῆς
1585 360 1833 479 πολιτείας

253 434 453 480 διελθεῖν
481 435 728 493 προθύμως
749 433 1046 496 ἐχαριζόμην.
1267 474 1269 476 .

265 532 279 554 2
335 508 598 553 voeabula
626 506 754 562 χάρις
783 509 831 552 et
859 508 1132 562 χαρίζεσθαι
1162 505 1408 551 coniuncta
1437 491 1614 561 saepius
1655 504 1825 550 inveni·

250 555 400 633 ιιιιιιιι·
412 579 458 625 ιιι
489 593 545 625 ea
574 571 702 636 parte
732 577 922 625 Phaedri
958 577 1170 634 Platonis,
1212 577 1287 623 ubi
1327 577 1470 623 oratio
1509 577 1589 622 illa
1627 575 1827 634 Lysiam

250 652 485 706 recitatum
517 651 641 696 velut
671 651 858 697 Phaedr.
878 666 920 708 p.
941 638 1103 696 233Ε;
1136 650 1233 694 ἀλλ’
1264 650 1369 701 ἴσως
1398 649 1617 707 προσήκει
1648 648 1702 694 οὐ
1731 650 1825 700 τοῖς

233 711 434 782 ισφόδρα
464 721 691 779 δεομένοις
720 723 1004 782 χαρίζεσθαι,
1042 721 1160 766 ἀλλὰ
1192 724 1285 773 τοῖς
1321 720 1526 780 μάλιστα
1567 719 1826 791 ἀποδουναι

209 796 213 798 ’
250 795 382 850 χάριν
412 795 712 850 δυναμένοις
1844 791 1846 793 “

367 947 485 1003 Cum,
517 951 568 994 ut
598 962 732 1005 supra
763 949 1171 1004 demonstravimus,
1200 950 1296 1006 ipso
1327 913 1541 1002 vocabulo
1572 938 1704 1006 χᾰρις
1733 959 1822 993 non

248 1023 476 1079 appareat,
505 1021 651 1067 utrum
681 1020 742 1066 sit
770 1019 1038 1079 gratificatio
1069 1021 1177 1067 data
1208 1034 1267 1066 an
1285 1021 1434 1078 gratia
1451 1021 1639 1076 reddita,
1669 1018 1829 1077 multis.

245 1094 368 1149 loeis,
396 1094 658 1150 praesertim
687 1094 735 1140 ιιι
754 1093 1029 1152 fragmentis,
1060 1093 1136 1139 ubi
1154 1093 1292 1139 totius
1313 1093 1564 1148 sententiae
1584 1094 1827 1139 contextus-

246 1179 401 1223 parum
441 1168 622 1223 apertus
662 1165 734 1222 sit,
776 1166 830 1212 de
870 1165 1197 1224 gratificatione
1243 1168 1404 1224 agatur
1449 1179 1507 1211 an
1546 1165 1602 1211 de
1642 1164 1820 1210 reddita

246 1238 396 1295 gratia
425 1238 602 1284 dubium
632 1251 732 1284 esse
760 1240 928 1294 potest.

247 1322 355 1368 Eur.
385 1322 541 1379 fragm.
573 1321 683 1367 608:
715 1321 763 1366 ἐν
791 1323 911 1366 τοῖσι
937 1321 1023 1377 μὲν
1051 1323 1265 1366 δεινοῖσιν
1295 1322 1353 1373 ὥς
1383 1321 1510 1400 φίλοι
1541 1321 1733 1379 φίλων.

392 1409 502 1439 οταν
531 1393 584 1438 δὲ
613 1393 817 1450 πράξωο*
847 1390 913 1449 εὖ,
945 1394 1220 1441 διωθοῦνται
1249 1394 1381 1451 χάριν

391 1465 520 1509 αὐτοι
551 1465 607 1510 δι’
638 1465 799 1516 αὐτοὺς
829 1465 1028 1521 εὐτυχεῖν
1055 1464 1302 1523 ἡγούμενοι.

246 1551 402 1597 Utrum
433 1549 541 1596 dicit
569 1551 702 1607 poeta
731 1549 848 1596 tales
877 1548 1075 1595 homines
1105 1551 1282 1607 gratum
1312 1548 1398 1595 sibi
1428 1549 1597 1596 factum
1620 1562 1687 1595 an
1712 1548 1821 1634 dieit

245 1635 321 1668 eos
351 1622 620 1667 reddendum
649 1624 825 1679 gratum
854 1622 1125 1679 neglegere?

247 1706 303 1752 cf.
335 1706 465 1763 Soph.
497 1705 551 1751 fr.
582 1704 693 1751 834:
727 1703 987 1763 αμνήμονος
1015 1704 1101 1764 yde
1132 1703 1302 1764 ἀνδρὸς
1333 1703 1516 1752 ὄλλυται
1544 1705 1686 1769 χάρις.

246 1780 293 1823 et
321 1778 428 1823 Eur.
461 1777 515 1823 fr.
546 1777 574 1822 7
576 1776 657 1823 36
689 1776 888 1821 σπάνιον
919 1774 991 1834 αρ’
1021 1773 1077 1835 ἦν
1106 1780 1332 1822 θανοῦσιν
1360 1776 1586 1836 οἷσφαλεξ
1616 1777 1819 1835 φίλοι,

460 1849 532 1907 ,ἦ
565 1848 605 1894 δ’
637 1849 685 1894 ἐν
716 1848 975 1907 ὀφθαλμοῖς
1004 1849 1136 1907 χάρις

391 1920 605 1975 anama),
637 1917 748 1964 ὅταν
776 1936 842 1970 τις
874 1921 921 1964 ἐκ
951 1920 1103 1986 δόμων
1132 1921 1248 1978 α’νὴρ
1273 1923 1420 1982 θοίνῃ.
1458 1971 1461 1973 ‚

365 2005 508 2061 Saepe
539 2004 655 2050 enim
685 2006 917 2060 utrumque
946 2005 1066 2051 inest
1094 2005 1140 2051 in
1172 2006 1254 2051 hoc
1285 1995 1512 2066 vocabule,
1553 2009 1599 2052 et
1639 2008 1817 2064 gratum

245 2077 396 2123 datum
426 2078 473 2123 et
501 2075 678 2122 reddita
706 2075 877 2134 gratia:

244 2162 349 2206 Eur.
379 2162 512 2206 Hero.
544 2160 644 2205 134.
697 2162 864 2207 Chorus
895 2162 950 2206 de
980 2163 1185 2207 Herculis
1215 2163 1361 2218 pueris
1391 2162 1601 2227 loquitur:

389 2230 522 2287 ἴδετε,
554 2230 727 2289 πατρὸς
758 2231 816 2283 ὥς

385 2318 607 2390 χοργωπες
635 2301 738 2346 αιδε
767 2306 1040 2361 προσφερεῖς

389 2374 603 2430 ὀμμάτων
632 2373 779 2431 αὐγαί,

386 2445 439 2488 τὸ
472 2444 525 2489 δὲ
553 2444 792 2517 κακοτυχὲς
822 2444 891 2488 οὖ
903 2444 1119 2519 λέλοιπεν.
1144 2445 1191 2489 ἐκ
1221 2447 1386 2521 τέκνων

388 2516 484 2562 οὐδ’
515 2514 756 2580 αποζχεται
784 2516 928 2575 χάρις.

244 2591 301 2639 ef.
321 2589 702 2637 Wilamowitzium
731 2589 779 2634 ιιι
805 2591 1119 2637 commentario
1150 2591 1212 2650 (p.
1242 2593 1345 2652 36):
1379 2595 1489 2652 „Die
1517 2595 1689 2641 Kinder
1717 2595 1818 2640 sind

234 2664 371 2710 echte
414 2660 817 2718 Herakleskinder3
861 2660 927 2715 sie
970 2648 1135 2713 haben
1163 2665 1234 2711 die
1279 2666 1484 2725 feurigen
1527 2668 1685 2726 Augen
1737 2668 1816 2713 des

243 2737 419 2791 vatem,
441 2734 531 2780 das
560 2734 758 2780 schwere
787 2733 958 2785 Leben
970 2735 1077 2798 und.
1086 2736 1161 2785 die
1179 2737 1332 2803 χάρις.
1390 2739 1526 2785 Diese
1564 2739 1627 2786 ist
1664 2740 1818 2786 immer

243 2807 431 2867 (potius:
466 2806 601 2865 ‚·,“,oft
632 2805 688 2851 of.
716 2816 760 2863 p'.
790 2805 819 2851 4
849 2792 1049 2864 opusculi
1078 2808 1240 2868 nostri)
1271 2796 1412 2859 etwas
1431 2811 1715 2870 Reciprokes‚
1745 2825 1815 2858 so·
