2001 3296
834 267 1131 325 -25-

188 397 542 457 ἐξεργάζωνται,
584 400 635 442 τό
678 402 762 455 μὲν
800 398 970 457 ἡδονήν
1012 399 1061 444 ἐν
1093 392 1245 452 αὕτόῑς
1285 405 1538 455 γίγνεσθαι,
1568 403 1769 461 παρεπό-
1799 424 1802 427 ·

187 487 323 526 μενον
370 470 456 515 ἑοὶν
499 479 728 528 γίγνηται,
775 472 910 530 χάριν
957 470 1071 515 αὕτό
1121 471 1411 516 δικαιότατον
1454 470 1514 516 ἄν
1545 475 1625 530 εἴη·
1644 488 1770 531 προσ-

190 544 446 602 αγορεύειν,·
477 566 537 578 -
568 547 677 587 ΚΛ.·
724 551 815 588 ναί.
851 570 906 575 -
940 546 1053 589 ΑΘ;
1099 543 1181 602 τήν
1223 543 1290 588 δέ·
1313 543 1641 604 γειῖρθότητοὲ
1684 562 1771 591 που

188 617 279 658 τῶν
304 616 517 658 τοιοίτων
537 613 567 672 ἤ
600 616 749 671 ἰσότης
782 613 855 666 ἄν,
888 615 947 667 οἷς
966 615 1056 658 ,ἐπὶ
1086 616 1150 658 ‘co‘⁴
1174 619 1276 659 πᾶν,
1300 622 1460 667 εἰπεῖν,
1493 617 1771 675 ἐξεργάζοιτο

188 689 270 730 τοῦ
315 687 514 730 τοιούτου
561 686 777 745 πρότερον
826 685 929 731 ἀλλ’
968 684 1047 743 οὐχ
1092 685 1244 745 ἡδονή.
1279 711 1337 719 -
1372 692 1477 732 ΚΛ.·
1520 688 1677 741 καλῶς.
1711 714 1771 721 -

190 760 305 803 AO.-
353 757 512 801 οὐκοῦν
542 756 683 822 ἡδονῇ
720 763 900 817 κρίνοιτ’
933 756 993 817 ἄν
1022 759 1165 814 μόνον
1206 758 1348 803 ἐκεῖνο
1380 758 1555 819 όρθοῖς,
1605 759 1632 804 δ’
1660 762 1770 819 μήτε

188 830 294 874 τινοὶ
327 829 525 886 ὠφελίαν
554 831 666 887 μήτε
698 829 931 888 ἀλήθειαν
960 832 1071 888 μήτε
1114 830 1358 889 όμοιότητοι
1402 830 1770 891 ἀπεργαζόμενον

191 908 460 961 παρέχεται,
507 902 612 959 μηδ’
645 895 708 945 αὖ
752 919 801 956 γε
846 902 1051 960 βλάβην,
1101 901 1203 945 ἀλλ’
1241 902 1384 947 αὐτοῦ
1427 905 1584 948 τούτου
1628 906 1770 960 μόνον

190 977 321 1018 ἕνεκα
353 982 546 1028 γίγνοιτο
576 977 657 1018 τοῦ
690 974 1090 1033 ξυμπαρεπομένου
1131 985 1225 1028 τοῖς
1255 973 1426 1028 ἄλλοις,
1468 979 1545 1034 τῆς
1576 977 1768 1035 χάριτος,

188 1044 246 1104 ἣν
278 1046 331 1104 δὴ
366 1046 586 1089 κάλλιστά
618 1064 684 1099 τις
718 1045 942 1102 ὀνομάσαι
986 1044 1046 1091 ἄν
1086 1046 1273 1105 ἡδονήν,
1319 1045 1432 1092 ὅταν
1471 1048 1612 1106 μηδὲν
1653 1047 1771 1113 αὐτῇ

187 1118 358 1163 τούτων
389 1117 693 1182 ἐπακολουθῇ.

273 1319 277 1323 η
309 1260 403 1310 Hoc
448 1263 545 1307 loco
592 1263 720 1307 Plato
767 1264 884 1308 hanc
934 1264 1067 1322 χάριν
1118 1264 1299 1321 insuper
1349 1264 1632 1310 accedentem
1684 1279 1771 1310 non

188 1336 338 1394 magni
370 1337 598 1393 aestimat;
630 1336 758 1392 quasi
777 1339 1080 1382 ornamentum
1101 1339 1277 1393 gratum
1298 1336 1482 1392 quidem,
1512 1350 1600 1383 non
1621 1340 1770 1384 tamen

188 1410 491 1457 necessarium
536 1409 577 1454 ei
623 1409 801 1454 videtur
831 1422 952 1463 esse3
1001 1409 1078 1454 sed
1126 1411 1246 1454 certo
1293 1411 1464 1454 tantum
1511 1410 1639 1455 huius
1685 1410 1771 1456 loci

189 1481 372 1526 consilio
424 1482 507 1526 hoc
557 1480 769 1535 efficitur,
821 1493 919 1525 cum
964 1481 1092 1525 Plato
1144 1481 1473 1535 salubritatem,
1523 1481 1770 1537 veritatem,

189 1555 312 1597 artes
358 1552 620 1600 imitatrices
666 1565 754 1596 non
800 1565 856 1596 ex
901 1552 991 1595 ista
1035 1552 1208 1609 χάριτι,
1256 1552 1335 1596 sed
1376 1565 1432 1596 ex
1463 1566 1546 1597 sua
1574 1553 1769 1608 ipsarum

188 1626 353 1669 natura
383 1623 631 1670 metiendas
662 1636 763 1669 esse
794 1622 1018 1668 affirmare
1049 1622 1171 1669 velit.

308 1696 421 1740 Nam
451 1697 563 1741 haec
592 1696 736 1753 χάρις,
767 1696 879 1739 haec
909 1694 979 1739 vis
1009 1694 1305 1748 laetificatrix,
1343 1708 1456 1749 quae
1488 1696 1545 1740 ad
1576 1698 1770 1741 ceteram

189 1767 375 1813 alicuius
407 1766 472 1816 rei
503 1768 709 1820 naturam
735 1768 786 1811 ut
817 1778 961 1811 comes
994 1765 1166 1810 accedit
1197 1767 1392 1811 ceterum
1422 1779 1563 1822 neque
1593 1767 1771 1811 Platoni

188 1853 331 1894 neque
377 1839 551 1889 omnino
593 1839 779 1883 Graecis
825 1841 1128 1883 ornamentum
1174 1841 1347 1883 tantum
1393 1852 1770 1894 supervacaneum

188 1914 259 1957 est
289 1911 370 1956 sed
399 1923 472 1955 res
502 1910 781 1967 gravissima,
812 1922 911 1965 -qua
941 1908 1172 1954 deficiente
1203 1908 1429 1965 perfectae
1460 1912 1505 1954 et
1537 1910 1769 1954 absolutae

188 1997 260 2030 res
292 1996 392 2028 esse
423 1996 511 2028 non
541 1984 740 2037 possunt.
762 2007 820 2015 —
850 1982 918 2025 De
950 1982 1106 2037 Apelle
1136 1981 1306 2025 Plinius
1337 1984 1505 2037 narrat,
1536 1982 1636 2027 Nat.
1667 1982 1768 2027 hist.

188 2055 375 2110 XXXV,
417 2053 496 2098 79:
549 2088 569 2109 „
585 2087 595 2098 .
617 2088 627 2098 .
650 2087 660 2098 .
692 2065 873 2108 quorum
915 2052 1199 2110 (reliquorum
1240 2052 1474 2109 pictorum)
1507 2066 1642 2109 opera
1672 2066 1769 2098 cum

190 2127 492 2181 admiraretur,
534 2125 733 2170 omnibus
764 2124 1041 2170 conlaudatis
1072 2124 1228 2169 deesse
1257 2123 1378 2186 fllam
1408 2137 1534 2170 suam
1564 2138 1769 2178 venerem

191 2198 381 2252 dicebat,
413 2211 543 2253 quam
565 2197 729 2242 Graeci
749 2190 914 2255 χάριτα
947 2199 1132 2251 vocant3
1165 2198 1317 2241 cetera
1348 2196 1494 2241 omnia
1515 2197 1768 2253 contigisse,

190 2270 270 2316 sed
301 2271 384 2315 hac
415 2270 511 2315 sola
542 2269 627 2314 sibi
657 2269 872 2314 neminem
913 2268 1102 2324 parem.“
1140 2292 1195 2300 —
1229 2267 1376 2324 Apelli
1415 2267 1568 2330 igitur·
1591 2269 1770 2314 maximi

189 2341 398 2387 momenti
428 2344 499 2387 est
528 2342 639 2386 haec
669 2341 798 2400 χάρις
830 2353 961 2396 quam
992 2353 1101 2385 suae
1133 2339 1221 2384 arti
1251 2339 1400 2385 inesse
1431 2340 1560 2396 dicit,
1606 2354 1671 2386 ea*
1690 2341 1766 2386 im-

188 2414 342 2471 primis
374 2426 485 2469 opus
516 2427 615 2458 esse
647 2413 705 2458 ad
736 2415 878 2458 artem
919 2411 1306 2457 consummandam
1342 2411 1524 2467 iudicat,
1565 2414 1649 2458 hac
1679 2427 1769 2458 una

188 2501 238 2532 se
285 2486 480 2541 reliquos
527 2485 717 2541 pictores
764 2498 975 2541 superare
1027 2484 1257 2541 gloriatur,
1309 2484 1395 2531 etsi
1440 2498 1576 2541 opera
1621 2499 1770 2531 eorum

187 2560 375 2616 pulchra
405 2558 581 2614 quidem
611 2558 684 2602 vel
709 2570 818 2602 vera
848 2557 939 2602 sint
969 2557 1046 2616 (cf.
1082 2559 1260 2613 „cetera
1290 2557 1435 2602 omnia
1465 2557 1769 2615 contigisse“).

309 2629 591 2675 conferenda
610 2631 716 2673 sunt
736 2642 790 2672 ea
806 2642 916 2683 quae
932 2629 1151 2673 Pindarus
1168 2629 1222 2673 de
1239 2629 1410 2674 Gratiis
1427 2628 1546 2683 dicit,
1563 2629 1619 2674 0:
1632 2628 1700 2683 14,
1718 2629 1768 2673 5:

333 2702 416 2747 σύν
446 2700 535 2761 γοέρ
565 2697 707 2757 ὔμμιν
737 2699 795 2743 τοὶ
828 2700 998 2759 τερπνοέ
1032 2705 1110 2744 καὶ

252 2810 254 2812 -
330 2776 388 2819 τοὶ
421 2775 569 2830 γλυκέ’
601 2770 812 2817 ἄνεται
845 2774 1000 2817 πάντα
1032 2776 1217 2832 βροτοῖς,

332 2852 375 2890 εἰ
404 2847 553 2903 σοφός,
586 2850 630 2889 εἰ
658 2845 811 2897 καλός,
844 2846 891 2887 εἴ
914 2862 979 2896 τις
1013 2843 1186 2899 οἷγλαὸς
1219 2844 1350 2903 οἷνήρ,
