2001 3296
777 243 1155 289 ·-76-

203 382 478 432 γιγνομένων
521 377 602 425 ξύν
642 390 759 420 τισιν
795 376 994 435 Χάρισιν
1035 381 1111 420 καὶ
1143 376 1355 427 Μούσαις
1397 375 1651 433 ἐφάπτεται
1692 375 1790 420 ἑκά-

195 454 341 492 στοτε.
380 472 432 481 -
465 447 801 504 Praepositione
832 449 916 493 σύν
947 448 1044 507 (,,ίιι
1076 445 1392 506 Begleitung“)
1427 446 1712 494 manifestum
1742 448 1793 493 fit

203 520 389 565 Gratias
429 523 476 565 et
507 521 661 565 Musas
697 521 740 564 h.
769 521 798 565 l.
841 534 929 565 non
970 521 1079 566 illud
1120 533 1220 566 esse
1261 533 1422 566 numen
1463 520 1588 566 cuius
1628 520 1792 565 auxilio

202 594 432 648 poetarum
463 591 663 637 narratio
696 604 805 637 vera
835 591 1029 638 efficitur
1061 618 1117 625 —
1148 605 1251 638 nam
1281 592 1393 638 haec
1418 591 1791 649 sententia'prae-

202 664 467 719 positionem
504 665 621 719 μετά
664 664 1006 720 („vermittels“‚
1051 666 1158 720 „mit
1187 662 1359 721 Hilfe“)
1394 664 1593 719 postulat
1627 689 1677 696 —
1712 664 1801 720 seli

203 748 283 781 eas
324 735 432 780 deas
479 747 594 791 quae
639 748 733 780 rem
774 737 969 781 ceterum
1016 733 1166 782 divino
1207 736 1395 792 quodam
1442 734 1604 781 auxilio
1650 732 1789 787 (κατά

202 807 321 851 θεόν
353 814 469 858 πως)
515 821 573 853 ex
612 821 719 853 vero
760 810 989 853 narratam
1028 807 1211 864 insuper
1252 810 1471 853 exornant
1501 807 1670 853 formae
1689 808 1789 852 ele-

202 879 361 938 gantia
411 878 520 939 (qua
572 879 800 938 elegantia
850 879 1037 926 Gratiae
1088 893 1183 926 rem
1232 880 1425 927 reddunt
1474 879 1791 927 laetificantem

201 955 464 1009 gratamque
495 951 764 1007 hominibus)
796 955 931 1007 atque
962 952 1137 997 omnino
1169 952 1362 998 carmine
1395 953 1655 1010 (carminum
1680 954 1791 999 deae

199 1023 358 1069 Musae
389 1022 528 1081 sunt).
589 1023 702 1069 Nam
733 1023 781 1073 si,
802 1022 929 1081 ipsae
961 1023 1148 1070 Gratiae
1190 1026 1237 1069 et
1267 1024 1425 1070 Musae
1456 1015 1651 1072 divinum
1681 1024 1791 1070 illud

200 1108 360 1140 numen
393 1099 547 1140 essent
577 1095 702 1140 cuius
734 1109 816 1151 ope
848 1096 1026 1141 adiutus
1057 1098 1192 1151 poeta
1221 1109 1332 1142 vera
1357 1099 1514 1141 narrat
1544 1099 1591 1141 et
1609 1099 1791 1152 propter

200 1166 317 1221 quod
347 1170 480 1210 θεῖον
510 1166 763 1211 nominatur
792 1169 1023 1223 poetarum
1054 1179 1219 1224 genus,
1260 1166 1381 1211 notio
1422 1166 1502 1211 illa
1524 1166 1789 1213 >divinitatis

199 1240 429 1294 poetarum
460 1238 529 1283 bis
560 1238 607 1283 in
627 1239 712 1283 hac
732 1237 957 1283 sententia
978 1238 1232 1296 significata
1252 1241 1375 1284 esset
1391 1238 1622 1285 vocabulis
1643 1242 1788 1290 θεῖον,

200 1310 316 1365 quod
346 1310 559 1355 locutioni
600 1311 827 1367 proximae
858 1310 1109 1357 sententiae
1141 1311 1259 1355 κατοέ
1293 1310 1412 1356 θεόν
1443 1311 1702 1368 respondet,
1743 1314 1790 1357 et

202 1382 284 1431 ξύν
310 1396 427 1426 τισιν
448 1383 646 1440 Χάρισιν
677 1388 756 1426 καὶ
777 1383 1001 1435 Μούσαις.
1038 1407 1094 1416 -—
1128 1383 1363 1429 Sententia
1391 1382 1530 1440 igitur
1559 1385 1650 1428 est:
1683 1384 1791 1429 Cum

199 1452 397 1499 divinum
426 1454 536 1498 illud
566 1454 778 1499 auxilium
809 1451 870 1500 et¹
887 1454 1101 1501 divinitas
1131 1455 1210 1500 illa
1239 1457 1470 1511 poetarum
1490 1455 1789 1500 narrationem

200 1524 424 1570 effecisset
453 1538 608 1571 veram
638 1527 963 1583 proptereaque
994 1526 1307 1585 observatione
1329 1526 1507 1585 dignam
1529 1551 1585 1559 -—
1605 1526 1652 1571 id
1673 1526 1789 1572 enim

197 1598 281 1643 hoc
310 1598 408 1642 loco
440 1597 590 1654 agitur
621 1623 691 1652 —,
738 1598 796 1643 ad
836 1599 951 1643 hanc
993 1612 1146 1644 veram
1186 1598 1362 1654 quidem
1401 1598 1482 1644 sed
1521 1598 1787 1654 incomptam
1868 1592 1873 1597 ’

197 1669 499 1714 narrationem
539 1669 760 1714 accedunt
790 1669 978 1715 Gratiae
1019 1673 1066 1715 et
1095 1671 1275 1724 Musae,
1317 1683 1431 1725 quae
1473 1683 1571 1715 eam
1611 1673 1786 1726 gratam

196 1741 390 1787 reddunt
421 1743 469 1786 et
499 1741 693 1787 carmine
725 1745 957 1788 exornant.
1264 1797 1268 1800 γ

319 1814 516 1870 Quartus
561 1814 685 1859 locus
732 1813 807 1858 ubi
854 1813 1039 1859 Gratiae
1086 1814 1205 1871 apud
1248 1814 1480 1859 Platonem
1531 1827 1785 1860 commemo-

196 1887 355 1930 rantur
376 1885 648 1942 epigramma
665 1885 776 1931 illud
796 1888 867 1931 est
887 1885 934 1931 in
955 1886 1297 1942 Aristophanem
1319 1886 1488 1932 factum
1510 1884 1786 1943 (epigr.‘29):

342 1960 393 2000 αἱ
423 1957 620 2015 Χάριτες
650 1958 836 2013 τέμενός
866 1975 909 2000 τι
941 1958 1102 2009 λαβεῖν
1136 1955 1248 2016 ὅπερ
1281 1956 1380 2014 ου’χῑ
1414 1967 1616 2001 πεσεῖται

342 2030 553 2086 ζητοῦσαι
589 2029 742 2087 ψυχήν
773 2022 903 2088 εὗρον
936 2027 1289 2088 Ἀριστοφάνους.

195 2101 420 2158 Quomodo
451 2100 766 2157 Aristophanis
807 2101 989 2147 fabulae
1030 2101 1232 2147 afficiant
1272 2101 1441 2147 animos
1478 2100 1700 2146 hominum
1730 2115 1785 2147 ea

195 2172 419 2229 significat
449 2173 580 2217 Plato
621 2173 818 2228 ratione,
857 2176 909 2218 ut
948 2173 1071 2229 ipsas
1113 2174 1234 2219 dieat
1263 2173 1467 2219 laetitiae
1498 2173 1629 2227 deas,
1670 2186 1784 2228 quae

194 2244 393 2291 homines
426 2244 654 2291 delectant
684 2247 877 2292 venusta
908 2244 1062 2301 forma,
1094 2245 1278 2291 amabili
1298 2245 1455 2301 animo,
1486 2244 1633 2302 lepida
1652 2256 1783 2303 saga*

195 2312 334 2362 citate
365 2316 652 2373 omnibusque
684 2317 858 2363 omnino
894 2318 1041 2373 rebus,
1083 2318 1276 2363 animum
1319 2316 1414 2363 eius
1456 2316 1656 2375 elegisse,
1698 2317 1784 2364 sibi

193 2391 245 2434 ut
276 2391 400 2435 esset
428 2389 639 2446 templum
676 2392 917 2435 aeternum.

312 2531 440 2589 Apud
465 2532 782 2578 Callimachum
812 2533 991 2588 nullam,
1023 2533 1140 2588 quod
1171 2533 1229 2577 ad
1258 2545 1385 2578 usum
1416 2530 1620 2580 vocabuli
1651 2535 1781 2593 χάρις

194 2604 371 2661 attinet,
401 2604 553 2652 inveni
584 2604 914 2662 proprietatem.

313 2676 502 2723 Gratiae
533 2680 950 2723 commemorantur:

194 2749 330 2806 epigr.
352 2749 432 2795 51:
463 2756 672 2808 τέσσαρες
700 2752 750 2793 αἱ
771 2750 982 2808 Χάριτες,
1016 2754 1119 2794 ποτὶ
1149 2749 1237 2809 γάρ
1257 2758 1341 2807 μία
1363 2761 1463 2803 ταῖς
1483 2756 1599 2810 τρισὶ
1619 2752 1778 2810 τήναις

339 2818 441 2879 ἄρτι
474 2821 776 2879 ποτεπλάσθη
810 2819 910 2879 κῆτι
940 2822 1118 2880 μύροισι
1150 2833 1278 2867 νοτεῑ.
