2001 3296
866 255 1163 300 -44-

342 388 648 434 Usitatissima
689 390 760 432 est
802 388 911 432 haec
953 386 1171 442 appositio
1203 387 1337 446 χάριν
1376 386 1493 443 apud
1523 388 1679 442 poetas
1711 389 1801 431 tra·

222 461 359 516 gicos,
390 461 745 515 Aristophanem,
785 458 1029 503 PlatOnem.
1090 460 1257 504 Tamen
1288 473 1344 504 ne
1371 458 1492 519 ‘apud
1523 471 1598 503 eos
1629 458 1802 513 quidem

220 531 478 588 principalis
513 530 580 576 vis
608 529 813 575 vocabuli
844 529 1038 584 evanuit,
1070 531 1343 587 ut'exempla
1372 531 1418 575 in
1439 529 1803 574 antecedentibus

222 604 400 659 paginis
433 604 574 648 allata
604 602 917 647 ostenderunt:

343 674 529 719 Accedit
561 674 678 729 quod
710 673 828 729 apud
858 674 938 718 hos
971 672 1210 729 scriptores
1241 674 1350 718 illud
1381 674 1513 732 χάριν
1545 685 1642 717 cum
1672 685 1801 717 voca-

220 748 338 792 bulis
371 760 681 800 nonnunquam
712 745 906 790 eiusdem
937 744 1101 790 radicis
1132 744 1435 802 coniungitur:

222 819 329 863 Eur.
359 818 452 873 Iph.
483 818 616 860 Taur.
648 815 758 860 566:
800 818 939 873 κακῆς
970 816 1185 869 γυναικός
1216 817 1351 875 χάριν
1383 814 1549 875 ἄχαριν
1581 815 1799 859 ἀπώλετο.

222 891 337 935 Plat.
369 890 423 933 de
444 890 529 945 leg.
551 890 619 933 IX
650 903 692 944 p.
714 887 802 933 853
813 888 867 933 D.
928 888 1057 933 Plato
1091 888 1146 933 de
1176 888 1232 934 iis
1262 889 1457 944 loquitur
1488 888 1660 934 delictis
1692 901 1803 943 quae

221 961 438 1006 neminem
476 960 562 1005 nisi
593 959 996 1016 pervicacissimum
1027 960 1266 1015 hominem,
1308 973 1435 1015 quem
1476 974 1531 1005 ea
1572 961 1627 1005 de
1668 973 1805 1005 causa

222 1035 272 1078 ut
302 1032 520 1078 hominem
552 1035 780 1088 aegrotum
812 1027 889 1090 (cf.
920 1045 960 1087 p.
982 1031 1147 1077 853D:
1184 1034 1376 1089 νοσῆσαί
1403 1048 1510 1076 ποτε
1543 1029 1603 1076 ἂν
1633 1031 1803 1089 ταύτην

220 1103 303 1160 τήν
330 1104 485 1153 νόσον)
518 1103 665 1147 curari
695 1103 804 1157 vult,
837 1104 1167 1148 commissurum
1198 1116 1297 1147 esse
1328 1105 1469 1158 putat.
1520 1104 1679 1157 Itaque
1699 1102 1803 1147 talis

220 1176 346 1220 homo
379 1188 539 1221 severa
568 1175 668 1231 lege
701 1174 970 1220 coercendus
1004 1176 1085 1230 est,
1118 1187 1230 1230 quae
1259 1187 1522 1230 quamquam
1553 1173 1593 1219 ei
1624 1187 1713 1219 non
1734 1176 1804 1219 est

220 1249 354 1302 grata
386 1245 432 1304 (i.
464 1260 501 1291 e.
532 1246 752 1291 laetitiam
783 1259 872 1290 non
902 1246 1055 1302 parat)
1097 1248 1246 1290 tamen
1286 1259 1335 1290 re
1376 1259 1485 1291 vera
1525 1245 1619 1290 eius
1656 1245 1804 1301 gratia

221 1319 466 1363 constituta
498 1321 589 1363 est:
633 1311 696 1362 ὧν
729 1317 783 1375 δή
816 1318 950 1376 χάριν
983 1316 1062 1361 ov'x
1093 1316 1304 1376 ἐπίχαριν
1335 1317 1502 1374 λέγοιμ’
1534 1314 1595 1361 ἄν
1627 1319 1803 1375 πρῶτον

221 1391 362 1445 νόμον
394 1392 525 1448 ἱερῶν
558 1395 661 1447 περὶ
693 1389 927 1447 συλήσεως,
960 1386 1021 1432 ἄν
1052 1406 1118 1439 τις
1148 1391 1278 1432 τοῦτο
1311 1389 1426 1446 ὄροῖν
1456 1389 1611 1447 τολμᾷ.

221 1462 277 1507 cf.
310 1463 364 1507 de
395 1476 445 1506 re
476 1463 593 1517 publ.
626 1462 695 1506 III
726 1475 768 1517 p.
790 1459 930 1505 394A
960 1467 1298 1518 (κεχαρισμένον
1325 1486 1382 1493 -
1409 1461 1577 1518 χάριν),
1610 1475 1710 1518 pag.
1733 1459 1802 1505 15.

339 1534 583 1577 Praeterea
614 1533 787 1577 accedit
828 1533 944 1587 quod
981 1532 1268 1577 inveniuntur
1297 1533 1404 1586 loci,
1444 1532 1654 1588 imprimis
1687 1533 1804 1588 apud

220 1606 451 1650 Platonem
466 1641 476 1659 ‚
518 1605 593 1650 ubi
633 1604 743 1649 illud
782 1605 917 1663 χάριν
950 1603 1185 1660 opponitur
1214 1605 1429 1651 vocabulo
1462 1605 1605 1649 ἕνεκα.
1670 1606 1800 1649 ἕνεκα

221 1678 293 1721 vel
335 1679 483 1720 ἕνεκεν
525 1690 581 1721 ex
611 1676 802 1728 ἐν-γεκεν
844 1678 988 1720 ortum
1020 1679 1112 1731 est;
1144 1677 1388 1721 voluntatis
1430 1677 1549 1721 notio
1591 1677 1632 1721 ei
1672 1677 1803 1732 inest,

222 1761 324 1792 nam
353 1748 462 1792 illud
488 1763 614 1799 pexsv
647 1743 841 1792 eiusdem
872 1748 1035 1792 radicis
1078 1750 1149 1792 est
1189 1750 1323 1803 atque
1354 1749 1574 1793 vocabula
1605 1750 1724 1805 ἕκητι
1757 1752 1802 1793 et

220 1819 346 1861 ἑκών.
381 1843 439 1850 -
472 1820 602 1862 ἕνεκα
625 1818 762 1875 igitur
782 1819 1057 1864 voluntatem
1076 1819 1260 1875 respicit
1284 1819 1406 1877 (‚‚um
1428 1818 1636 1876 willen“)‚
1667 1821 1801 1879 χάριν

219 1904 399 1935 sensum
442 1890 571 1947 (‚‚zur
602 1890 841 1946 Freude“).
903 1890 1004 1934 Etsi
1034 1892 1145 1935 haec
1185 1892 1231 1935 in
1267 1905 1349 1935 usu
1381 1904 1515 1947 saepe
1547 1904 1633 1936 non
1665 1892 1800 1936 multo

219 1962 441 2016 differunt,
472 1961 735 2018 praesertim
777 1961 832 2006 iis
864 1961 972 2006 locis
1005 1961 1080 2005 ubi
1118 1975 1213 2007 cum
1245 1962 1571 2018 pronominibus
1602 1962 1800 2007 neutrius

217 2034 396 2090 generis
427 2047 582 2090 parum
605 2033 811 2087 definitis,
844 2037 894 2077 ut
917 2030 956 2083 5¹,
988 2035 1136 2077 ταῦτα
1159 2036 1256 2088 etc„
1288 2034 1622 2091 coniunguntur,
1653 2038 1802 2079 tamen

217 2106 504 2152 inveniuntur
544 2105 630 2150 loci
672 2105 829 2160 quibus
872 2118 971 2150 esse
1010 2105 1202 2160 aliquam
1233 2105 1526 2151 differentiam
1563 2120 1618 2151 ex
1649 2107 1801 2151 horum

220 2178 531 2223 vocabulorum
563 2177 733 2233 origine
766 2177 999 2222 deductam
1032 2180 1240 2239 appar-et:

218 2249 333 2293 Plat.
355 2249 490 2305 Gorg.
521 2263 562 2304 p.
585 2248 672 2293 505
685 2249 732 2293 C.
785 2248 989 2293 Callicles
1012 2248 1186 2293 Socrati
1218 2249 1346 2294 dicit:
1378 2247 1489 2292 ου’δέ
1512 2254 1569 2303 γέ
1582 2267 1656 2306 μοι
1677 2249 1800 2305 μέλει

220 2318 353 2363 οὐδὲν
395 2312 457 2364 ὧν
500 2319 552 2364 σύ
597 2320 737 2374 λέγεις
779 2325 855 2363 καὶ
896 2321 1047 2363 ταῦτά
1091 2334 1157 2363 σοι
1190 2324 1373 2379 Γοργίου
1404 2321 1579 2379 χάριν
1623 2319 1799 2379 άπεκρι-

221 2393 383 2449 νάμην,
428 2391 620 2449 Gorgias
663 2392 758 2448 ipse
799 2392 930 2448 paulo
973 2394 1077 2437 ante
1123 2391 1183 2450 (p.
1214 2391 1301 2437 497
1313 2391 1371 2450 B)
1404 2392 1574 2438 Callicli
1604 2392 1801 2439 dixerat:

219 2463 467 2522 άποκρίνου
500 2470 576 2507 καὶ
608 2462 736 2521 ἡμῶν
768 2466 964 2515 ἕνεκα,
1003 2466 1080 2508 ἵνα
1114 2467 1410 2523 περανθῶσιν
1442 2468 1482 2508 οἱ
1514 2465 1654 2519 λόγοι,
1687 2479 1801 2520 quae

218 2536 357 2581 verba
409 2536 490 2579 hoc
535 2536 630 2580 loco
664 2534 859 2591 'respicit
906 2536 1123 2581 Callicles.
1171 2560 1227 2568 -
1275 2537 1400 2593 Quae
1446 2536 1506 2581 sit
1552 2536 1802 2582 differentia

218 2601 420 2664 apertum
452 2610 545 2652 est:
587 2607 777 2664 Gorgias
790 2642 800 2662 ‚
843 2607 966 2653 cuius
997 2607 1187 2653 interest
1224 2609 1339 2653 hanc
1370 2608 1714 2665 disputationem
1744 2607 1802 2652 ad

216 2681 349 2725 finem
378 2679 571 2735 perduci,
603 2680 714 2723 haec
745 2679 839 2723 fere
871 2679 1052 2735 Callicli,
1086 2680 1160 2735 qui
1191 2680 1275 2725 sibi
1306 2683 1529 2735 tamquam
1561 2680 1800 2735 discipulus

218 2752 299 2807 sit,
339 2751 550 2807 imperat:
595 2751 838 2806 „responde
870 2751 1061 2806 Socrati,
1102 2765 1203 2796 nam
1236 2765 1319 2808 ego
1351 2765 1522 2807 quoque
1552 2751 1681 2796 huius
1713 2751 1799 2796 dis-

217 2823 462 2880 putationis
514 2823 647 2868 finem
697 2822 793 2867 fieri
845 2822 970 2879 cupio
1022 2826 1156 2879 atque
1207 2824 1350 2880 volo“‚
1402 2823 1606 2869 Callicles
1653 2825 1799 2868 autem
