2001 3296
827 214 1120 261 ..72-

301 347 472 393 Deinde
517 355 744 405 χαρίεντες
795 348 828 393 ιι
873 361 1045 403 quoque
1090 349 1197 393 sunt
1242 347 1317 403 qui
1362 360 1450 394 non
1495 360 1586 394 una
1625 349 1700 394 ιιι
1695 362 1768 398 re

182 418 428 476 separatim
458 419 817 474 elaboraverunt,
848 420 929 465 sed
958 418 1159 465 omnibus
1191 417 1362 465 artibus
1387 418 1579 476 ingenuo
1600 399 1771 473 homine

182 487 330 548 dignis
357 490 569 547 perpoliti
599 493 705 536 sunt
717 489 777 549 ¹):

181 563 381 609 Amator.
402 577 443 620 p.
465 562 553 608 135
585 563 649 609 D:
681 580 741 616 ως
772 563 891 616 εἰκός
924 561 1071 622 ἄνδρα
1094 562 1341 623 ἐλεύθερόν
1362 580 1410 608 τε
1431 568 1509 607 καὶ
1531 564 1768 612 πεπαιδευ-

178 643 316 692 μένον
352 635 733 694 ἐπακολουθῆσαί
758 653 805 679 τε
836 646 926 688 τοῖς
958 636 1209 693 λεγομένοις
1244 634 1340 680 ίπο
1382 638 1463 680 τοῦ
1505 630 1770 696 δημιουργοῦ

184 706 283 753 οἷόν
314 726 364 752 τε
394 708 515 753 εἶναι
548 706 854 767 διαφερόντως
885 709 975 752 τῶν
996 708 1241 766 παρόντων
1263 713 1341 752 καὶ
1363 706 1508 752 αὐτόν
1530 707 1770 764 συμβάλλε-

181 784 300 824 σθαι
331 781 526 837 γνώμην,
559 777 670 823 ὅστε
708 779 854 823 δοκεῖν
895 784 1189 838 χαριέστατον
1230 779 1350 834 εἶναι
1393 785 1471 823 καὶ
1512 780 1768 837 σοφώτατον

182 855 274 897 τῶν
305 850 380 896 αἐῑ
412 852 668 908 παρόντων.
1767 910 1770 912 ,

301 924 409 969 Cum
437 923 517 968 illa
546 923 677 982 χάρις
708 935 798 969 ιιοιι
827 922 915 968 nisi
945 924 1072 968 recta
1102 922 1324 969 efficiatur
1354 923 1617 970 educatione
1659 920 1771 981 quae

183 998 230 1042 et
272 1009 430 1053 corpus
472 999 520 1041 et
560 995 752 1043 animum
793 993 989 1052 respicit,
1035 1009 1093 1042 ex
1138 1009 1193 1042 ea
1239 1009 1352 1052 quae
1398 1009 1556 1054 corpus
1597 999 1771 1047 tantum

182 1068 391 1124 viresque
422 1071 552 1113 curat
582 1066 845 1114 educatione
876 1065 1122 1127 α’χαριστια
1155 1068 1307 1125 oritur,
1340 1081 1467 1125 quam
1500 1068 1618 1114 inter
1658 1068 1770 1131 alias

179 1154 253 1187 res
283 1140 604 1197 vituperandae
636 1142 866 1185 enumerat
895 1140 1026 1185 Plato

181 1213 238 1259 de
267 1215 317 1258 1⁸e
348 1213 467 1269 publ.
488 1212 559 1258 III
578 1226 620 1268 p.
641 1208 727 1256 411
751 1212 814 1256 D:
844 1211 1079 1267 μισόλογος
1112 1211 1183 1270 δή,
1217 1212 1356 1269 οἶμαι,
1391 1210 1418 1254 o‘
1448 1215 1644 1264 τοιοῦτος
1675 1192 1771 1271 (qui

182 1297 342 1341 corpus
373 1287 548 1329 tantum
580 1282 729 1341 curat)
759 1290 959 1338 γίγνεται
1002 1288 1080 1326 καὶ
1120 1281 1327 1339 ἄμουσος,
1369 1289 1446 1327 καὶ
1488 1288 1650 1327 πειθοῖ
1686 1287 1771 1340 μὲν
1804 1312 1807 1315 «

183 1355 263 1400 dno?
308 1357 457 1411 λόγων
501 1353 634 1417 ουδὲν
676 1353 741 1399 ἔτι
783 1358 958 1415 χρῆται,
1004 1358 1086 1415 βίᾳ
1128 1355 1178 1400 δὲ
1220 1361 1296 1399 καὶ
1343 1353 1577 1415 α’γριότητι
1624 1353 1771 1415 ωσπερ

181 1433 344 1486 θηρίον
376 1427 491 1486 πρός
524 1427 680 1471 πάντα
704 1427 1036 1483 διαπράττεται
1057 1433 1134 1470 καῖ
1156 1426 1206 1471 ἑν
1228 1425 1418 1486 α’μαθίᾳ
1440 1433 1517 1470 καῖ
1539 1428 1770 1485 σκαιότητι

125 1493 127 1495 ,
178 1499 293 1557 μετοέ
328 1498 590 1559 ἀρρυθμίας
620 1516 669 1542 τε
699 1504 778 1542 καὶ
809 1496 1078 1558 α’χαριοτίας
1112 1500 1177 1563 ζῇ.

304 1573 403 1618 Ista
432 1571 580 1631 χάρις,
609 1584 723 1627 quae
754 1570 874 1616 notio
902 1573 977 1616 est
1007 1570 1054 1616 in
1085 1570 1306 1617 adiectivo
1342 1578 1524 1630 χαρίεις,
1558 1572 1713 1627 quanti
1743 1586 1772 1617 a

171 1644 373 1703 *Platone
390 1643 631 1689 aestimata
646 1642 720 1698 sit,
735 1643 791 1688 de
805 1656 856 1688 re
871 1642 989 1700 publ.
999 1643 1045 1687 X
1055 1656 1096 1699 p.
1108 1641 1196 1688 605
1208 1643 1247 1689 Β
1263 1642 1472 1698 ostendit,
1488 1642 1565 1689 ubi
1579 1657 1635 1689 ea
1648 1643 1774 1700 poesi

181 1708 297 1772 (luae
327 1718 504 1761 tantum
533 1715 777 1761 imitatoria
807 1714 869 1760 sit
899 1715 1109 1761 Socrates
1140 1714 1420 1772 insipientem
1457 1715 1566 1761 dicit
1594 1716 1775 1761 humani

67 1839 69 1842 ,
98 1822 105 1827 .
182 1788 319 1834 animi
349 1790 522 1844 partem
553 1800 641 1833 non
673 1787 771 1833 sine
800 1800 961 1844 magno
994 1786 1210 1843 sapientis
1240 1786 1384 1843 partis
1417 1788 1575 1832 damno
1618 1788 1772 1833 confir-

136 1902 138 1904 .
180 1860 293 1905 mari
324 1862 372 1905 et
402 1859 581 1915 augeri3
626 1871 794 1915 „aeque
832 1871 887 1904 ac
917 1859 969 1903 fit
998 1858 1045 1903 in
1076 1857 1261 1904 civitate
1301 1855 1470 1916 (ὥσπερ
1510 1848 1561 1903 ἐν
1603 1859 1770 1911 πόλει),

182 1948 297 1975 οταν
327 1945 396 1982 τις
423 1929 683 1989 μοχθηρους
712 1930 938 1991 ἐγκρατεῖς
961 1932 1105 1973 ποιῶν
1127 1929 1371 1989 παραδιδοῖ
1390 1946 1473 1988 την
1495 1930 1647 1981 πόλιν,
1668 1947 1772 1983 τους

183 2004 235 2048 δὲ
265 2008 572 2062 χαριεστέρους
604 2002 812 2067 φθείρῃ*ι
854 2027 904 2034 -
939 2005 980 2045 ot
1009 2006 1239 2062 μοχθηροί
1263 2001 1440 2060 proprie
1480 2002 1512 2047 ii
1553 2004 1659 2048 sunt
1698 2003 1774 2059 qui

181 2089 315 2122 onere
335 2075 542 2135 (uox-911»)
563 2077 833 2132 premuntur,
853 2074 1030 2120 infimae
1050 2074 1194 2131 plebis
1214 2074 1435 2131 homines3
1456 2088 1591 2133 saepe
1612 2077 1774 2132 autem,

181 2150 232 2194 ut
270 2149 355 2194 hoc
393 2148 504 2203 loco,
543 2147 777 2207 μοχθηρός
822 2147 1042 2204 „pravns“
1087 2150 1177 2202 est,
1223 2146 1426 2193 similiter
1466 2161 1520 2193 ac
1561 2149 1771 2207 πονηρός,

182 2221 301 2277 quod
332 2220 599 2266 adiectivum
630 2233 659 2265 a
688 2219 892 2272 ,,πο’νος“
923 2221 1067 2264 ortum
1099 2219 1285 2265 eandem
1326 2219 1501 2276 accepit
1540 2219 1790 2266 notionem,-

183 2292 267 2338 His
310 2294 592 2350 opponuntur
632 2296 673 2336 οἱ
713 2299 942 2351 χαρίεντες
987 2292 1212 2348 „homines
1253 2291 1457 2348 politiore
1498 2291 1773 2338 humanitate

180 2365 395 2420 imbuti“‚-
411 2364 486 2421 qui
513 2364 646 2410 iidem
679 2366 784 2409 sunt
814 2363 919 2409 boni
949 2365 997 2409 et
1026 2362 1154 2420 probi
1184 2363 1318 2409 cives.
1379 2363 1432 2408 In
1463 2362 1519 2408 iis
1550 2363 1626 2419 qui
1655 2364 1773 2410 curis

101 2461 111 2468 ·‡
181 2434 487 2494 opprimuntur
516 2436 646 2496 χάρις
678 2449 779 2482 esse
810 2449 900 2486 non
929 2438 1102 2493 potest3
1134 2438 1175 2479 οἱ
1195 2439 1423 2493 μοχθηροί
1437 2436 1615 2482 Platoni
1639 2436 1772 2483 iidem

141 2552 146 2556 ,
186 2511 292 2554 sunt
322 2511 457 2565 atque
488 2512 530 2552 οἱ
557 2506 790 2567 μα’χοὶριτιτς.
1085 2541 1087 2543 >

181 2628 325 2665 maiore
360 2639 452 2665 cura
486 2629 535 2665 ab
569 2628 786 2665 hominibus
819 2628 980 2665 eruditis
1014 2627 1052 2672 (i.
1079 2638 1112 2665 e.
1137 2627 1210 2663 hac
1235 2626 1274 2663 in
1299 2638 1362 2664 re:
1398 2639 1444 2672 „a
1477 2628 1771 2674 grammaticis“)

183 2687 387 2734 expolitae.
438 2688 487 2726 cf.
512 2687 707 2733 Ludwich,
731 2687 954 2724 Aristarchs
988 2687 1132 2723 homer.
1163 2686 1377 2724 Textkritik
1410 2687 1631 2735 (praecipue
1661 2698 1700 2735 p.
1726 2689 1772 2726 13

183 2751 224 2785 ⁰¹²
249 2747 341 2855 4⁶)i)
368 2808 417 2845 cf.
442 2807 615 2856 Thucyd.
640 2809 688 2857 11,
713 2810 759 2846 41
788 2811 839 2855 (p.
866 2808 940 2855 27).
