2001 3296
868 227 1164 273 ...84-

221 361 526 408 homerischen
564 361 830 407 -Gedichte“
838 359 874 419 1)
947 361 1165 407 vocabula
1215 361 1366 417 θυμός
1417 362 1464 406 et
1514 361 1629 421 φρήν
1685 361 1803 418 apud

222 434 460 479 Homerum
502 434 760 490 saepissime
792 434 849 478 ad
881 435 1064 479 verbum
1094 441 1268 491 χαίρειν
1306 433 1511 490 apposita
1539 447 1565 478 e
1595 433 1806 490 primaria

222 506 352 552 huius
394 506 520 552 verbi
562 505 886 563 significatione
928 506 1123 562 explicat
1136 540 1146 560 ‚
1198 518 1328 569 quam
1368 505 1543 551 lucendi
1583 505 1805 551 notionem

223 591 323 623 esse
355 579 488 624 sumit
519 591 616 623 cum
648 578 835 633 Sonni03
876 578 1094 624 vocabula
1132 578 1338 633 apposita
1367 578 1621 623 necessaria
1650 578 1805 633 fuisse,

221 650 476 706 priusquam
498 650 680 695 verbum
702 657 876 707 χαίρειν
897 648 1100 705 primitus
1120 661 1213 693 rem
1243 649 1448 694 sensibus
1479 649 1805 706 percipiendam

223 722 480 779 significans
507 722 552 767 in
575 721 709 767 animi
731 721 1029 767 condicionem
1050 721 1317 766 translatum
1337 722 1536 768 laetandi
1557 721 1806 778 accepisset

223 794 446 840 notionem
487 793 635 852 (χαῖρε
668 793 719 837 δὲ
750 796 887 852 θυμῷ
936 795 1012 850 „er
1052 794 1231 850 glanzte
1272 793 1330 838 im
1372 793 1611 852 Herzen“).
1681 794 1804 839 Talis

223 866 483 920 translatio,
535 879 623 921 qua
665 866 860 921 corporis
902 866 1029 911 vultu
1072 879 1126 910 ac
1166 865 1313 921 specie
1354 865 1633 921 significatur
1673 866 1805 911 animi

224 938 412 992 affectio,
442 937 624 983 insolita
655 937 830 993 quidem
860 951 948 983 non
980 939 1102 983 esset
1111 937 1168 995 ²);
1222 940 1370 983 tamen
1411 952 1490 994 pro
1527 940 1649 983 certo
1690 938 1804 984 acci-

222 1009 386 1071 pienda
422 1022 509 1052 non
536 1009 720 1054 videtur
749 999 862 1063 esse,
894 1022 992 1053 cum
1024 1009 1171 1053 Sonne
1203 1022 1345 1063 neque
1367 1009 1508 1053 Curtii
1538 1010 1806 1054 sententiam

224 1080 359 1127 certis
392 1080 693 1127 confutaverit
729 1080 1001 1138 argumentis
1033 1083 1080 1126 et
1109 1081 1286 1129 lucendi
1316 1080 1538 1127 notionem
1577 1081 1625 1127 in
1654 1081 1804 1128 radice

227 1154 361 1209 „har“
397 1153 671 1198 Sanscritica
710 1153 858 1197 inesse
901 1166 956 1197 ex
994 1153 1094 1197 aliis
1125 1155 1298 1197 tantum
1330 1153 1558 1198 vocabulis
1590 1153 1801 1210 („haras“

222 1240 284 1266 z
314 1224 478 1279 fervor,
509 1224 590 1269 ira.
625 1223 776 1280 „hari“
810 1240 871 1266 z
900 1222 1065 1279 flavus)
1098 1224 1364 1269 concluserit
1376 1222 1426 1282 ⁸).
1493 1225 1619 1281 Quae
1657 1227 1804 1270 autem

225 1297 445 1341 vocabula
485 1296 761 1341 Sanscritica
813 1309 910 1340 cum
952 1296 1137 1341 Graecis
1189 1296 1415 1342 vocabulis
1463 1303 1635 1355 χαίρειν
1675 1297 1804 1355 χάρις

224 1369 463 1413 cohaerere
486 1368 564 1412 alii
594 1367 680 1412 viri
707 1367 826 1412 docti
857 1368 1031 1412 omnino
1063 1370 1231 1425 negant
1243 1367 1294 1425 4).
1362 1368 1498 1413 Immo
1529 1382 1635 1413 vero
1667 1368 1807 1413 Curtii

225 1439 451 1485 sententia
493 1454 521 1484 a
553 1439 717 1484 Sonnio
758 1439 1019 1496 improbata,
1061 1453 1148 1485 non
1190 1440 1434 1495 confutata,
1474 1454 1622 1486 nunc
1663 1441 1805 1486 denuo

225 1514 441 1569 probatur
480 1511 697 1567 novisque
722 1512 1022 1571 ‘confirmatur
1062 1513 1334 1569 argumentis
1376 1526 1401 1557 e
1442 1513 1603 1558 ceteris
1643 1512 1806 1570 linguis

224 1584 603 1641 Indogermanicis
649 1584 803 1639 petitis
817 1583 876 1641 ⁵):
928 1585 1103 1629 Graeca
1148 1585 1277 1630 radix
1322 1602 1408 1643 χαρ
1456 1599 1551 1630 cum
1592 1586 1808 1630 vocabulo

225 1656 495 1701 Sanscritico
562 1656 816 1713 „haryami“
883 1655 1160 1713 („desidero“
1230 1657 1426 1714 „amo“)‚
1486 1657 1807 1703 Umbro-Osco

229 1728 447 1782 ,‚heriest“
494 1727 714 1785 („volet“)
762 1728 932 1784 „heris“
978 1727 1162 1784 („vis“)‚
1203 1728 1448 1773 Theodisco
1494 1730 1683 1785 „geron“
1729 1729 1806 1786 (cf.

230 1835 251 1856 „
266 1813 408 1857 gern
439 1800 612 1845 haben“
651 1800 800 1857 „seine
823 1799 999 1845 Frende
1024 1801 1171 1845 haben
1203 1814 1261 1845 an
1292 1800 1482 1858 etwas“)
1515 1800 1807 1859 coniungitur.

348 1919 385 1966 1)
409 1920 437 1958 1.
465 1921 567 1963 „Der
594 1921 880 1967 pleonastische
899 1920 1102 1957 Gebraueh
1122 1932 1198 1956 von
1224 1920 1355 1968 θυμός,
1374 1920 1471 1968 φρήν
1495 1921 1574 1957 und
1604 1921 1806 1958 iihnlichen

226 1980 432 2017 wortem“
458 1992 496 2027 p.
521 1982 564 2017 21
596 1991 652 2027 sq.
678 1983 717 2017 et
743 1981 813 2018 194
839 1989 943 2026 sqq.‘

345 2041 385 2085 2)
411 2040 460 2076 cf.
485 2040 606 2076 verba
630 2042 818 2076 κυδαίνειν
835 2044 873 2076 et
889 2043 1024 2087 γηθεῖν
1041 2051 1061 2076 e
1080 2040 1233 2077 lucendi
1251 2040 1289 2076 in
1307 2040 1474 2077 laetandi
1493 2040 1806 2087 significationem

225 2100 413 2136 translata
433 2100 574 2144 (Fulda
598 2112 636 2147 p.
663 2100 768 2148 150);
794 2100 843 2139 cf.
870 2100 1049 2146 ‚,heiter“.

344 2161 382 2204 3)
408 2160 466 2196 De
490 2160 563 2196 hac
588 2171 630 2197 re
655 2171 715 2197 me
747 2160 878 2196 docuit
911 2160 972 2196 vir
1006 2160 1249 2197 doctissimus
1283 2172 1329 2196 ac
1363 2160 1518 2206 linguae
1553 2160 1807 2198 Sanscriticae

225 2218 476 2266 peritissimus
518 2219 698 2265 Geldner‚
739 2220 940 2268 professor
980 2220 1278 2267 Marpurgensis‚
1320 2219 1381 2256 cui
1422 2219 1495 2256 hoc
1537 2230 1686 2267 quoque
1719 2220 1806 2260 loco

227 2280 373 2326 gratias
399 2291 475 2326 ago
501 2280 695 2318 maximas.

346 2339 385 2387 4)
411 2339 459 2377 cf.
485 2340 580 2386 ffirt,
605 2340 791 2378 Bezzenb.
816 2340 934 2378 Beitr.
959 2342 1008 2377 24
1031 2352 1068 2387 p.
1095 2341 1200 2387 243„

345 2399 385 2444 5)
411 2400 647 2444 Hatzidakis,
674 2400 828 2437 Streitb.
854 2401 937 2446 Idg.
963 2400 1238 2445 Forschungen
1268 2402 1310 2436 11
1339 2411 1375 2446 p.
1401 2401 1484 2437 316.

407 2459 572 2505 Fronde,
597 2460 785 2498 Bezzenb.
809 2460 927 2497 Beitr.
976 2462 999 2497 5
1025 2472 1062 2507 p.
1088 2461 1171 2497 285.

406 2519 503 2567 Birt,
675 2547 696 2567 ‚,
854 2548 875 2565 ‚‚
949 2520 997 2557 24
1021 2530 1059 2566 p.
1085 2521 1168 2557 245.

410 2579 631 2624 Hoffmann,
675 2607 696 2625 ‚,
856 2607 877 2625 ‚,
951 2581 998 2617 26
1023 2591 1060 2626 p.
1088 2580 1169 2616 141.

405 2639 593 2684 Reichelt‚
675 2666 696 2684 ,‚
854 2667 876 2687 „
950 2641 998 2676 26
1022 2651 1059 2686 p.
1085 2640 1166 2677 270.

406 2699 557 2744 Prusik,
583 2699 718 2736 Kuhns
743 2699 926 2737 Zeitschr.
951 2701 999 2737 35
1024 2711 1060 2746 p.
1087 2700 1168 2739 598.

406 2760 576 2806 Ehrlich,
644 2788 665 2806 ,‚
826 2788 847 2808 ‚‚
951 2761 999 2797 38
1023 2772 1061 2807 p.
1086 2762 1144 2798 92.

406 2820 556 2868 Walde,
581 2821 666 2860 Lat.
692 2822 848 2871 etymol.
873 2820 1127 2859 worterbuch
1152 2833 1190 2870 p.
1216 2823 1287 2861 289
1312 2833 1343 2860 s.
1368 2834 1407 2859 v,
1433 2822 1623 2869 ,‚horior“.
