2001 3296
840 258 1137 304 -43-

201 393 250 438 P.
281 391 350 450 11,
382 393 464 439 12⁴.
494 391 612 452 ὄφρα
648 395 788 449 Θέμιν
818 390 947 451 ἳεροὶν
978 391 1186 452 Πυθῶνά
1217 408 1264 434 τε
1294 396 1372 434 καὶ
1406 388 1658 449 όρθοδίκαν

343 468 436 517 Γοῖς
470 464 682 522 ὀμφαλόν
713 464 972 522 κελαδήσετ’
1004 461 1121 523 ἄκρᾳ
1153 463 1236 508 σύν
1269 465 1437 522 ἑσπέρᾳ

343 537 645 581 ἑπταπύλοισι
679 536 855 594 Θήβαις

343 609 477 667 χάριν
510 605 659 662 αγῶνί
682 625 730 651 τε
762 611 940 666 Κίρρας.

202 681 252 726 0.
283 680 324 736 7,
355 681 383 725 5
415 680 473 725 cf.
503 692 605 736 pag.
636 677 708 725 41.

320 753 426 798 Cum
458 750 666 809 genetivo
698 727 1000 809 coniungitur:

200 826 251 870 N.
284 824 323 880 1,
355 824 405 869 6:
437 827 575 867 σέθεν
607 821 811 881 αδυεπης

342 894 480 953 ὕμνος
513 894 710 955 ὁρμᾶται
742 900 887 952 θέμεν

344 967 474 1012 αἶνον
505 966 803 1011 αἐλλοπόδων
832 974 977 1024 μέγαν
1001 970 1172 1019 ἵππων,
1204 967 1351 1025 Ζηνός
1373 971 1595 1012 Αἰτναίου
1625 959 1772 1031 χάριν.

319 1054 470 1108 Neque
500 1052 708 1108 genetivo
740 1066 882 1108 neque
913 1053 1063 1100 dativo
1096 1052 1297 1110 apposito
1329 1053 1532 1098 absolute
1563 1052 1745 1098 dicitur:

203 1126 252 1170 O.
286 1124 354 1179 10,
386 1123 466 1169 78:
498 1122 660 1182 α’ρχαῐς
692 1124 743 1168 δὲ
774 1131 1009 1183 προτέραις
1041 1125 1256 1181 ἑπόμενοι
1287 1133 1371 1168 καί
1398 1141 1480 1169 νυν
1510 1124 1775 1181 ἐπωνυμίαν

1670 1213 1701 1239 α
1731 1212 1776 1239 w

344 1262 471 1306 νίκας
504 1253 728 1313 α’γερώχου
759 1256 1110 1313 κελαδησόμεθα
1142 1255 1339 1314 βροντάν
1640 1213 1668 1251 χ
1704 1212 1729 1253 ρ

345 1334 421 1372 και
454 1328 761 1388 πυρπάλαμον
791 1328 922 1380 βέλος

348 1399 616 1458 όρσικτύπου
647 1400 767 1451 Διός.

202 1471 336 1530 χάριν
371 1470 635 1528 ἐπωνυμίαν
676 1484 763 1516 non
804 1471 967 1527 pendet
1009 1485 1037 1515 a
1066 1472 1201 1517 verbo
1243 1470 1619 1529 κελαδησόμεθα,
1661 1471 1777 1527 quod

203 1544 483 1589 accusativos
510 1544 711 1601 βροντάν
743 1546 789 1588 et
812 1544 943 1595 βέλος
974 1544 1078 1589 sibi
1090 1544 1303 1601 adiungit,
1334 1544 1414 1588 sed
1444 1546 1516 1588 est
1546 1543 1778 1599 appositio,

202 1639 260 1646 —-
282 1628 370 1660 non
399 1617 548 1660 tamen
570 1614 774 1671 apposita
805 1615 862 1660 ad
881 1614 1079 1674 βροντάν
1100 1616 1147 1660 et
1166 1614 1296 1667 βέλος
1327 1615 1408 1660 sed
1438 1614 1496 1660 ad
1516 1616 1656 1660 totam
1678 1627 1777 1659 sen-

202 1688 389 1732 tentiam
420 1687 782 1744 κελαδησόμεθα.
817 1712 875 1720 -
906 1687 1040 1745 χάριν
1071 1687 1378 1743 explicandum
1415 1689 1486 1731 est
1516 1683 1627 1730 ὥστε
1657 1686 1777 1730 εἶναι

202 1758 336 1819 χάριν
367 1757 545 1814 (victori
575 1757 767 1815 scilicet3
799 1771 885 1804 non
916 1757 1108 1817 dicitur).
1159 1758 1289 1819 χάρις
1320 1759 1433 1804 haec
1463 1761 1534 1803 est
1563 1757 1778 1804 victoriae

201 1832 448 1877 laetificans
480 1831 719 1876 celebratio
762 1845 873 1887 quae
905 1832 1098 1878 carmine
1127 1832 1200 1887 fit3
1242 1845 1354 1887 quae
1396 1831 1635 1877 celebratio
1665 1830 1777 1874 ἐπω-

201 1911 338 1960 νυμία
370 1909 492 1961 νίκης
524 1901 749 1962 ἀγερώχου
781 1903 1042 1959 nominatur,
1074 1903 1190 1959 quod
1221 1904 1278 1948 ab
1310 1916 1366 1948 ea
1393 1916 1505 1959 quae
1527 1902 1779 1948 celebratur

202 1975 391 2021 victoria
420 1987 578 2020 nomen
599 1974 855 2032 Olympicae
886 1975 1130 2020 victorialis
1163 1975 1473 2020 celebrationis
1504 1978 1551 2019 et
1572 1973 1778 2019 carminis

203 2046 385 2104 accepit.
417 2071 474 2079 —
504 2047 797 2092 Laetificandi
826 2048 947 2092 notio
978 2048 1110 2104 plena
1140 2048 1186 2092 vi
1216 2047 1418 2093 sentitur.

322 2131 567 2176 Pronomen
598 2131 833 2188 apponitur

203 2216 360 2259 paean.
391 2202 431 2258 9,
462 2202 520 2247 37
535 2201 593 2260 ¹):
624 2202 857 2262 ἐκράνθην
945 2238 955 2249 .
976 2202 1154 2259 α’γαυόν
1185 2204 1374 2262 καλάμῳ
1407 2203 1599 2258 συνάγεν
1632 2203 1778 2261 θρόον

345 2274 510 2333 μήδεσί
534 2292 583 2318 τε
618 2274 779 2334 φρενός
808 2274 1031 2335 ὑμετέραν
1061 2276 1207 2335 χάριν.

208 2348 291 2403 „ad
338 2347 448 2392 artis
494 2360 706 2393 summam
754 2347 1071 2404 perfectionem
1121 2349 1329 2393 redactus
1380 2361 1477 2393 sum
1527 2347 1779 2406 (ἑκροὶνθην

203 2418 334 2463 simili
378 2419 707 2464 constructione
754 2423 887 2474 atque
929 2418 1071 2475 ἔφυν),
1117 2423 1169 2464 ut
1212 2420 1402 2465 nobilem
1444 2423 1621 2465 cantum
1665 2433 1778 2464 com-

203 2501 412 2545 ponerem-
440 2490 652 2546 (συνάγον
684 2490 947 2550 infinitivus)
988 2504 1084 2537 cum
1115 2491 1228 2538 tibia
1264 2494 1311 2537 et
1341 2504 1439 2537 cum
1470 2491 1630 2538 mentis
1661 2491 1778 2549 cogi-

203 2561 446 2608 tationibus
478 2563 525 2619 (i.
547 2577 583 2608 e.
607 2564 893 2618 carminibus,
924 2564 979 2608 cf.
1011 2565 1146 2609 schol.
1176 2574 1267 2615 τοῖς
1299 2564 1556 2622 ποιήμασι),
1587 2564 1634 2609 id
1664 2564 1779 2619 quod

203 2630 330 2676 vobis
361 2632 432 2676 sit
450 2647 524 2679 res
554 2634 880 2680 laetificatrix‘fl
940 2635 1074 2693 χάριν
1116 2635 1173 2680 ad
1203 2637 1345 2680 totam
1386 2635 1654 2680 sententiam
1684 2647 1777 2679 συν

205 2702 313 2757 ἄγεν
345 2705 592 2791 appositum
622 2708 715 2763 est3
745 2701 1015 2752 laetificandi
1044 2700 1165 2752 notio
1196 2707 1329 2764 plena
1358 2707 1405 2753 vi
1434 2707 1644 2796 sentitur.

325 2845 362 2892 1)
388 2845 513 2894 Oxyr.
521 2859 617 2896 pap.
642 2850 688 2889 V.
714 2861 803 2898 pag.
830 2851 887 2888 75.
