2001 3296
864 247 1154 292 ...18-

218 377 349 435 Soph.
381 379 506 425 Aiac.
536 377 647 423 808:
679 376 851 434 ἔγνωκα
883 377 971 438 γάρ
1004 378 1060 438 δή
1093 374 1241 437 φωτὸς
1270 379 1535 440 ἤπατημένη

362 457 440 505 καὶ
470 453 548 509 τῆς
583 450 792 502 παλαιοῖς
822 451 1004 510 χάριτος
1035 450 1350 511 ἐκβεβλημένη.

216 523 456 581 Tecmessa
500 522 650 567 Aiacis
699 522 907 574 παλαιοῖς
954 522 1137 580 χάριτος
1182 523 1481 582 ἐκβεβλημένη
1526 525 1617 578 est;
1664 526 1799 568 antea

215 594 355 651 igitur
395 595 445 639 ἐν
475 596 626 653 χάριτι
641 592 676 652 1)
720 597 819 639 erat
859 595 978 651 apud
1020 607 1131 641 eum.
1201 596 1298 641 Hoc
1328 597 1424 642 loco
1454 595 1584 654 χάρις
1631 600 1799 641 certum

216 665 385 711 factum
428 679 527 711 esse
557 679 646 710 non
675 668 837 722 potest,
879 666 959 711 sed
990 666 1188 710 condicio
1220 668 1353 712 debet
1384 681 1495 722 esse,
1536 680 1591 712 ea
1630 667 1801 712 scilicet

216 738 415 784 condicio
446 739 493 783 in
524 752 611 794 qua
642 738 759 783 Aiax
789 737 967 784 laetitia
998 751 1095 783 eam
1126 737 1308 785 afficere
1338 741 1629 799 (χαρίζεσθαι
1660 736 1798 804 αὐτῇ)

216 810 401 856 solebat.
473 811 597 867 Quae
638 810 840 867 singulae
885 810 1066 869 χάριτες
1113 812 1542 867 comprehenduntur
1585 812 1797 858 vocabulo

214 883 362 942 χάρις,
406 883 520 938 quod
562 884 633 928 est
675 896 730 928 ea
771 882 905 928 animi
947 882 1144 928 condicio
1187 896 1275 939 qua
1316 883 1413 939 quis
1455 883 1587 929 alium
1626 883 1801 929 laetitia

215 954 397 999 afficere
429 955 595 999 solet.
843 1009 846 1011 q

333 1031 576 1087 Praecipue
607 1031 786 1076 deorum
816 1031 947 1090 χάρις
981 1032 1067 1076 huc
1097 1030 1334 1077 referenda
1365 1035 1457 1077 est:

213 1104 340 1150 Pind.
371 1104 420 1149 P.
453 1102 493 1158 3,
524 1102 606 1148 95:
636 1102 746 1155 Διός
781 1103 832 1147 δὲ
862 1103 999 1162 χάριν
1055 1156 1063 1160 r

356 1175 405 1219 ἐκ
442 1182 668 1234 προτέρων
708 1175 1101 1234 μεταμειψάμενοι
1143 1176 1361 1233 καμάτων
1404 1174 1599 1221 ἔστασαν
1643 1175 1796 1236 ὀρθάν

1156 1283 1159 1286 -
1467 1265 1470 1270 ·
1529 1249 1733 1307 καρδίαν.

212 1321 373 1365 Aesch.
407 1322 491 1377 Ag.
523 1319 634 1365 581:
677 1322 868 1363 τοιαῦτα
903 1319 984 1378 (sc.
1016 1321 1192 1365 Troiam
1224 1323 1401 1377 captam
1432 1320 1551 1378 esse)
1581 1320 1667 1380 χρῆ
1700 1321 1795 1365 κλύ-

1204 1409 1336 1444 οντας
1370 1390 1568 1448 εὐλογεῖν
1600 1393 1737 1436 πόλιν

359 1469 435 1507 καὶ
468 1463 572 1515 τούς
607 1464 903 1522 στρατηγούς·
937 1470 1014 1506 καῖ
1045 1464 1178 1522 χάρις
1211 1465 1444 1522 τιμήσεται

357 1535 467 1588 Διὸς
500 1536 600 1580 τόδ’
631 1535 914 1595 ἑκπράξασα.

213 1610 374 1653 Aesch.
404 1610 488 1662 Ag.
521 1608 631 1653 182:
664 1614 741 1651 καῖ
773 1612 885 1666 παρ’
917 1606 1112 1659 ἄκοντας
1145 1602 1265 1665 ἦλθε
1296 1619 1548 1667 σωφρονεῖν.

360 1679 594 1736 δαιμόνων
627 1679 683 1723 δέ
711 1696 798 1723 που
828 1679 960 1738 χάρις
992 1681 1155 1731 βιαίως

359 1751 502 1807 σέλμα
536 1749 701 1807 σεμνόν
729 1748 922 1809 ἡμένων.

211 1823 503 1881 „caelestium
549 1836 656 1869 vero
703 1823 898 1870 fortasse
944 1823 1095 1882 gratia
1139 1822 1251 1878 est“,
1298 1836 1358 1869 sc.
1407 1824 1522 1879 quod
1567 1829 1642 1867 καὶ
1686 1828 1795 1883 παρ’

213 1894 408 1946 ἄκοντας
463 1892 640 1952 ἔρχεται
694 1906 949 1954 σωφρονεῖν,
1003 1908 1100 1939 cum
1146 1908 1175 1939 a
1208 1894 1289 1939 ⁴dis
1302 1929 1313 1948 ‚
1361 1897 1434 1949 qui
1480 1897 1519 1940 Si
1564 1896 1704 1941 velint
1749 1897 1794 1941 vi

210 1970 415 2021 (βιαίως)
457 1967 630 2024 possint
673 1980 830 2025 agere,
871 1969 1021 2013 tamen
1064 1967 1202 2013 amice
1240 1970 1374 2023 atque
1405 1966 1619 2013 benevole
1650 1979 1793 2012 mone-

210 2042 345 2084 antur
374 2039 584 2094 homineS‚
617 2042 668 2083 ut
699 2042 902 2085 caveant.
1692 2057 1695 2064 =

329 2116 412 2160 His
443 2116 553 2178 locis
583 2116 715 2174 χάρις
750 2129 778 2160 a
809 2115 878 2160 dis
909 2116 1103 2172 benigne
1135 2116 1243 2161 data
1274 2128 1409 2171 prope
1448 2115 1621 2160 accedit
1661 2115 1718 2159 ad
1748 2115 1795 2159 id

210 2188 325 2243 quod
356 2201 436 2233 nos
472 2187 645 2244 „Huld“
694 2187 905 2243 „Gnade“
941 2188 1237 2244 appellamus3
1279 2187 1359 2232 sed
1396 2186 1435 2232 si
1472 2186 1538 2232 ita
1568 2186 1793 2241 vertimus,

210 2260 554 2305 obliviscendum
602 2272 690 2304 non
738 2262 809 2304 est
853 2260 899 2304 in
947 2260 1162 2305 vocabulo
1208 2260 1340 2317 χάρις
1389 2259 1586 2304 homines
1632 2259 1793 2314 respici

210 2343 319 2386 quos
351 2331 529 2376 deorum
560 2329 814 2387 benignitas
845 2324 1021 2382 laetitia
1052 2330 1193 2376 afficit
1206 2366 1217 2387 ‚
1256 2343 1345 2376 nou
1385 2330 1563 2376 deorum
1594 2329 1792 2387 benigni-

208 2404 349 2446 tatem
379 2401 534 2457 ipsam.
797 2440 799 2443 .

209 2473 285 2517 Ar.
305 2471 496 2528 Lysistr.
518 2471 617 2517 545.
662 2472 830 2517 Chorus
861 2472 1089 2517 mulierum
1121 2484 1234 2527 quae
1267 2485 1409 2517 arcem
1442 2475 1792 2528 occupaverunt:

353 2543 503 2587 ἐθέλω
537 2542 579 2586 δ’
609 2543 685 2598 ἐπὶ
719 2545 817 2587 πᾶν
849 2545 970 2588 ἰέναι

352 2613 466 2672 μετοέ
499 2611 632 2657 τῶνδ’
666 2612 825 2673 οἷρετῆς
860 2617 988 2671 ἕνεχ’,
1023 2613 1096 2666 αῖς

355 2685 421 2729 ἔνι
454 2685 600 2741 φύσις,
635 2683 700 2728 ἔνι
731 2686 878 2744 χάρις,

263 2801 265 2805 ⁴
330 2831 365 2873 1)
392 2829 440 2867 cf.
465 2828 563 2865 Plat.
588 2827 731 2866 Phaed.
756 2839 793 2874 p.
821 2829 888 2865 115
901 2829 946 2865 Β.
