2001 3296
839 233 1016 278 -54
1080 257 1138 265 .-

197 360 329 420 quam
359 371 451 410 rem
482 366 568 410 iam
600 365 844 410 scholiasta
874 366 988 411 bene
1019 354 1296 411 observavit:
1336 356 1497 423 ’ἐπειδή
1532 358 1774 425 χαριένὲως

198 437 244 495 (i.
277 451 313 483 e.
355 438 422 483 ita
460 440 510 482 ut
539 436 756 482 laetitiam
804 440 954 494 paret,
1001 448 1114 493 quae
1158 437 1334 483 laetitia
1370 437 1626 483 Gratiarum
1659 440 1775 495 opus

197 509 288 567 est)
320 510 471 567 οἷπέβη
505 512 585 553 τοῦ
616 508 790 564 οἷγῶνος
821 510 873 553 ‘co'
901 510 1181 569 ἐπιχείρημα,
1216 518 1469 569 προσφωνεῖ
1486 520 1585 562 ταῖς
1607 512 1775 569 Χάρισι

191 589 469 639 «τιμωμέναις
501 599 618 625 κατα
651 582 734 626 τόν
766 582 1014 626 Βοιωτικόν
1046 581 1317 646 Ορχρμενόν.

319 669 442 724 Quae
489 669 636 711 autem
682 666 876 711 Pindaro
929 679 1077 711 earum
1125 668 1288 711 natura
1339 666 1399 711 sit
1443 666 1776 722 insequentibus

197 740 401 786 versibus
432 741 566 795 poeta
597 733 728 784 dicit:

343 824 424 867 σῦν
456 824 543 881 γοὲρ
574 821 716 879 ὔμμιν
747 823 805 866 τοὶ
838 823 1007 881 τερπνά
1042 829 1119 866 καὶ

340 895 397 939 τοὶ
430 896 585 950 γλυκέ’
617 893 652 938 o'e‘
663 911 689 938 ν
701 912 758 938 ετ
770 913 799 937 α
814 913 829 937 ι
862 895 1017 938 πάντα
1047 897 1235 952 βροτοῖς,

340 973 384 1010 εἰ
413 967 562 1023 σοφός,
595 972 639 1010 εἰ
668 967 820 1018 καλός,
832 1023 835 1025 Α
854 969 900 1009 εἴ
923 983 989 1018 τις
1022 965 1197 1021 οἷγλαός
1231 965 1359 1025 οἷνήρ.

197 1052 355 1098 Omnia
402 1065 516 1107 quae
562 1051 807 1096 hominibus
855 1050 1001 1096 dulcia
1047 1053 1152 1096 suut
1192 1051 1447 1096 Gratiarum
1494 1065 1630 1108 opera
1674 1065 1775 1097 con-

193 1124 404 1169 ficiuntur
435 1126 480 1168 et
512 1125 871 1168 consummantur
882 1139 893 1178 ;
935 1123 991 1168 cf.
1021 1136 1078 1169 ea
1110 1136 1224 1179 quae
1261 1124 1316 1168 de
1346 1123 1526 1182 χάριτος
1569 1123 1774 1169 aestima-

190 1197 317 1241 tione
349 1196 441 1240 dixi
471 1209 573 1251 pag.
593 1194 663 1243 ‚26
695 1209 788 1250 sqq.
849 1195 1194 1240 Pulchritudinis
1236 1198 1441 1241 auctores
1471 1196 1657 1241 Gratiae
1688 1209 1777 1240 non

196 1270 312 1321 sunt,
343 1267 424 1311 sed
455 1280 553 1311 cum
583 1266 830 1310 hominibus
861 1267 934 1312 vel
965 1268 1097 1311 rebus
1128 1266 1215 1311 iam
1237 1268 1372 1312 antea
1392 1267 1587 1323 pulchris
1609 1268 1778 1312 addunt

194 1339 284 1384 vim
335 1338 651 1383 laetificantem
701 1338 997 1383 laetificantes
1050 1338 1159 1383 deae
1210 1338 1576 1394 pulchritudinem
1629 1352 1777 1383 eorum

194 1410 440 1466 perfectam
497 1409 701 1454 reddunt.
785 1410 937 1464 Neque
990 1406 1238 1465 sapientiae
1299 1399 1440 1465 neque
1491 1410 1776 1470 victoriarum

195 1483 364 1540 gloriae
378 1481 413 1539 1)
447 1484 651 1527 auctores
683 1484 810 1537 sunt,
854 1482 933 1527 sed
975 1481 1198 1538 sapientia
1238 1485 1284 1527 et
1315 1482 1599 1531 victoriarum
1634 1478 1778 1540 gloria

194 1556 281 1599 nisi
334 1555 529 1599 homines
580 1554 757 1598 laetitia
808 1554 1012 1599 afficiunt
1068 1557 1395 1599 consummatae
1439 1554 1637 1601 Pindaro
1689 1568 1775 1599 non
1818 1608 1820 1610 ¹

194 1627 404 1672 videntur
455 1639 567 1671 esse.
643 1626 852 1671 Eadem
903 1626 1135 1670 ratione
1188 1626 1446 1671 omnibus
1496 1626 1552 1671 in
1604 1627 1775 1671 rebus

196 1712 340 1753 quae
371 1711 467 1742 eos
501 1698 836 1752 quibuscum
867 1697 1155 1742 Pindarus
1188 1698 1488 1743 consentit
1518 1698 1775 1743 homines

194 1770 439 1815 laetitia
481 1770 768 1815 afficiunt
799 1769 1045 1814 Gratiae
1086 1770 1489 1826 celebrantur,
1531 1783 1640 1815 non
1670 1783 1774 1825 quo

195 1843 434 1887 omnium
476 1844 669 1904 harum
710 1856 897 1887 rerum
938 1842 1290 1888 effectrices
1330 1843 1471 1898 sint,
1514 1843 1614 1888 sed
1644 1841 1778 1897 quia

195 1927 457 1959 summam
508 1914 598 1959 his
648 1915 821 1959 rebus
874 1914 1224 1971 dignitatem
1284 1914 1622 1964 attribuunt
1672 1915 1776 1958 hac

182 1987 325 2042 ripsa.
355 2001 414 2031 re
444 1987 592 2041 quod
622 1987 697 2031 iis
729 1987 839 2032 vim
871 1987 1090 2031 addunt
1119 1985 1573 2031 laetificantem.

274 2116 277 2119 .
315 2073 421 2116 Cum
464 2085 519 2116 ea
558 2071 741 2115 Pindari
782 2071 978 2116 carmina
1019 2084 1132 2125 quae
1174 2070 1303 2116 nobis
1345 2072 1528 2116 servata
1567 2073 1673 2115 sunt
1717 2072 1775 2116 ad

195 2143 408 2188 victorias
449 2143 704 2199 pertineant
740 2142 1028 2187 certaminum
1058 2143 1371 2198 celebrandas,
1413 2142 1657 2187 mirandum
1688 2156 1775 2187 non

196 2218 278 2269 est,
310 2216 426 2269 quod
450 2215 686 2270 praecipue
716 2215 762 2259 in
783 2216 851 2260 his
882 2216 1016 2259 rebus
1037 2218 1276 2260 versantur
1295 2214 1482 2259 Gratiae
1502 2214 1776 2260 Pindaricae.

195 2287 346 2341 Neque
377 2289 526 2330 tamen
559 2286 773 2331 victoriae
804 2286 915 2331 deae
947 2288 1052 2330 sunt
1084 2311 1138 2317 --
1172 2299 1275 2330 nam
1306 2285 1520 2331 victoriae
1553 2286 1636 2330 dea
1658 2282 1782 2345 Νίκη

195 2362 267 2403 est
305 2382 368 2411 —-‚
408 2359 489 2402 sed
518 2359 835 2402 laetificantem
879 2358 969 2402 vim
1011 2358 1298 2403 victoriarum
1340 2360 1518 2411 curant,
1561 2359 1656 2403 sine
1688 2373 1775 2430 qua

195 2428 412 2476 victoriae
443 2428 688 2485 perfectae
702 2443 791 2474 non
822 2442 922 2474 esse
953 2428 1276 2474 existimantur.

316 2647 351 2692 1)
378 2644 526 2693 ἀγλαός,
562 2645 665 2690 quod
691 2644 921 2681 vocabulum
947 2655 1031 2679 cum
1057 2644 1294 2680 substantivo
1321 2646 1427 2692 αἴγλη
1454 2647 1645 2691 cohaeret,
1685 2647 1771 2692 „qui

194 2707 323 2751 nitet“,
349 2706 555 2752 praecipue
573 2704 636 2750 qui
654 2704 900 2740 victoriarum
926 2704 1052 2750 gloria
1069 2704 1163 2740 nitet
1181 2707 1292 2750 atque
1311 2706 1437 2741 clarus
1456 2709 1525 2742 est.
1557 2705 1774 2743 Scholiasta

194 2767 466 2812 interpretatur
501 2763 656 2813 ἆγλαός·
695 2763 860 2812 ἀνδρεῖος
884 2767 962 2806 νῦν,
1001 2775 1097 2810 quae
1136 2764 1339 2811 explicatio
1375 2766 1554 2802 vocabuli
1588 2766 1772 2813 originem

194 2838 327 2874 parum
352 2826 523 2873 respicit.
