2001 3296
859 240 1155 286 —40-

339 372 400 418 Hi
432 385 601 429 quoque
632 371 718 417 loci
748 372 835 418 huc
864 372 1088 419 referendi
1118 375 1245 418 suut:

219 445 326 489 Eur.
358 445 452 489 Ion.
485 444 614 488 1104.
682 445 851 489 Chorus
892 446 1089 489 Xuthum
1130 445 1378 500 vituperat,
1420 446 1535 500 quod
1574 459 1600 490 e
1632 447 1799 492 Creusa

218 514 395 569 quidem
424 516 587 560 liberos
618 528 705 560 non
736 515 1051 571 procreaverit,

365 598 479 656 πρός
511 597 549 641 δ’
572 596 838 656 Ἀφροδίταν

365 667 513 714 ἄλλαν
544 674 736 726 θέμενος
766 670 903 730 χάριν

366 742 513 786 νόθου
545 741 715 795 παιδός
747 740 941 801 ἔκυρσεν.

219 828 380 872 Aesch.
411 827 496 883 Ag.
530 825 661 872 1206.
722 826 977 872 Cassandra
1008 827 1062 872 de
1092 827 1296 884 Apolline
1332 828 1546 884 loquitur,
1588 829 1662 884 qui
1702 842 1799 873 eam

222 901 473 944 amaverat:

366 968 468 1013 ἄλλ’
499 963 556 1027 ἤν
588 970 843 1030 παλαιστῆς
875 970 1001 1029 κάρτ’
1035 969 1133 1026 ἐμοὶ
1165 976 1316 1015 πνέων
1346 971 1495 1029 χάριν.

218 1055 325 1099 Eur.
356 1055 452 1110 Iph.
483 1054 584 1099 Aul.
617 1053 729 1099 549:
764 1088 774 1100 .
807 1089 817 1100 .
849 1088 860 1099 .
894 1051 978 1098 ὅθι
1010 1054 1064 1112 δή

365 1126 514 1181 δίδυμ’
537 1123 672 1184 Ἔρως
707 1125 732 1168 ό
763 1126 1042 1185 χρυσοκόμας

363 1197 458 1247 τόξ’
491 1196 736 1241 ἐντείνεται
767 1205 978 1256 χαρίτων,

363 1269 415 1312 τὸ
449 1272 533 1324 μὲν
565 1269 639 1313 ἐπ’
672 1268 859 1314 εὐαίωνι
891 1270 1065 1329 πότμῳ,

363 1341 415 1383 τό
451 1341 489 1384 δ’
523 1340 602 1384 ἐπὶ
633 1340 838 1396 συγχύσει
869 1344 1040 1394 βιοτᾶς.
1075 1376 1084 1387 .
1118 1376 1128 1387 .
1160 1377 1170 1387 .

365 1414 431 1470 εἴη
466 1413 522 1457 δέ
546 1431 621 1469 μοι
652 1421 809 1472 μετρία
840 1416 924 1469 μὲν

364 1485 510 1543 χάρις,
544 1485 691 1528 πόθοι
724 1485 762 1527 δ’
798 1482 926 1535 ὅσιοι,

366 1561 444 1600 καὶ
473 1562 700 1613 μετέχοιμι
731 1558 814 1609 τοῖς
845 1554 1038 1616 Ἀφροδί-

365 1646 462 1681 τας,
496 1628 674 1672 πολλάν
707 1628 745 1672 δ’
780 1626 1062 1684 ἀποθείμαν.

219 1714 335 1764 τόξα
376 1721 575 1773 χαρίτων
622 1726 710 1758 non
756 1715 861 1759 sunt
902 1727 1031 1759 arcus
1073 1713 1329 1760 Gratiarum
1375 1718 1650 1774 (Χαρίτων),
1699 1728 1800 1760 nam

220 1786 407 1830 Gratiae
439 1799 569 1830 arcus
602 1798 689 1830 non
722 1787 941 1840 tractant3
975 1787 1054 1830 sed
1084 1787 1269 1841 pluralis
1302 1800 1356 1831 ea
1387 1787 1442 1831 de
1474 1800 1610 1831 causa
1629 1787 1800 1842 positus

221 1859 302 1912 est,
335 1858 451 1913 quod
481 1857 656 1903 Amoris
698 1857 783 1903 duo
815 1870 945 1903 arcus
977 1857 1164 1913 (δίδυμα
1196 1858 1333 1909 τόξα)
1375 1871 1463 1904 non
1503 1857 1620 1903 idem
1659 1871 1799 1915 genus

219 1930 401 1987 χάριτος
447 1930 615 1974 habent
659 1929 740 1974 sed
785 1929 870 1973 duo
916 1937 1113 1987 χαρίτων
1159 1943 1347 1986 genera3
1394 1930 1509 1974 alter
1555 1935 1684 1974 arcus
1727 1930 1801 1984 qui

221 2001 357 2045 habet
387 2000 602 2045 modicam
622 2000 758 2057 χάριν
791 1999 867 2057 (cf.
884 2013 926 2044 v.
943 1999 1030 2044 554
1060 2008 1218 2058 μετρία
1239 2001 1392 2059 χάρις)
1423 2003 1495 2045 est
1524 1999 1596 2043 ἐπ’
1613 1999 1799 2046 εὐαίωνι

223 2071 381 2131 πότμῳ
428 2072 490 2131 (v.
523 2071 654 2130 550),
707 2072 823 2117 alter
868 2072 943 2127 qui
987 2072 1123 2131 χάριν
1168 2073 1305 2117 habet
1348 2072 1621 2118 immodicam
1667 2074 1801 2127 atque

221 2145 506 2200 impotentem
563 2143 642 2188 ἐπὶ
694 2144 899 2200 συγχύσει
951 2146 1108 2196 βιοτᾶς
1167 2144 1227 2202 (v.
1269 2143 1389 2196 551).
1479 2144 1610 2189 Hanc
1664 2144 1800 2202 χάριν

222 2216 408 2271 Helena,
439 2216 562 2261 cuius
594 2216 720 2262 brevi
751 2218 857 2262 ante
887 2215 1050 2262 mentio
1077 2219 1176 2261 erat
1196 2217 1331 2272 facta,
1362 2216 1592 2271 habuerat,
1623 2215 1799 2261 nimium

223 2286 463 2345 ἐχαρίσατο
483 2288 656 2343 Paridi3
689 2289 847 2333 chorus
874 2288 959 2332 sibi
980 2290 1163 2344 exoptat
1182 2296 1369 2346 μετρίαν
1388 2288 1524 2345 χάριν
1556 2290 1602 2333 et
1621 2288 1800 2339 πόθους

226 2357 371 2411 ὁσίους
403 2358 463 2418 (v.
495 2358 616 2417 554).

344 2444 470 2488 Haec
514 2445 644 2502 χάρις
697 2457 811 2500 quae
856 2445 903 2488 in
949 2458 998 2488 re
1050 2444 1267 2489 amatoria
1318 2446 1389 2488 est
1439 2457 1467 2487 a
1512 2443 1799 2499 scriptoribus

222 2514 541 2572 posterioribus
582 2516 759 2561 nimium
800 2518 1028 2562 coartatur
1069 2518 1115 2561 et
1155 2529 1234 2573 pro
1276 2515 1458 2562 veneria
1494 2514 1800 2561 coniunctione

222 2587 510 2644 intelligitur:
1403 2637 1405 2639 Ι

222 2672 450 2717 Plutarch.
480 2672 636 2717 Moral.
666 2687 706 2728 p.
738 2672 818 2717 751
836 2674 877 2718 D
915 2672 1079 2731 (Amat.
1111 2687 1206 2729 cap.
1238 2670 1306 2730 5):
1347 2671 1479 2730 χάρις
1508 2669 1596 2728 γαρ
1629 2662 1721 2720 οὖν,
1762 2662 1800 2712 ὦ

222 2743 524 2804 Πρωτόγενες,
565 2741 595 2801 ἦ
625 2745 705 2787 τοῦ
735 2744 899 2802 θήλεος
929 2742 1106 2797 ῧπειξις
1146 2745 1210 2804 τῷ
1242 2741 1393 2803 ἄρρενι
1434 2742 1643 2799 κέκληται
1684 2740 1799 2799 πρὸς

221 2819 312 2861 τῶν
353 2816 592 2860 παλαιῶν·
640 2814 699 2868 ὥς
739 2821 817 2859 καὶ
835 2830 837 2832 ’
857 2816 1080 2875 Πίνδαρος
1127 2814 1207 2874 ἔφη
1256 2816 1339 2860 τόν
1366 2812 1614 2871 ’Ἠφαιοτον
1659 2810 1800 2864 »ἄνευ
