2001 3296
854 238 1149 284 -75-

213 375 339 431 Apol.
370 388 409 430 p.
441 373 565 419 240:
606 373 690 428 ἐγώ
724 374 779 418 δέ
803 392 866 428 γε,
906 366 942 417 αἶ
973 370 1133 430 ἄνδρες
1167 370 1417 429 Ἀθηναῖοι,
1461 368 1635 414 οἷδικεῖν
1678 387 1788 427 φημι

212 446 437 504 Mamor,
472 442 541 488 ὅτι
573 445 747 509 σπουδῇ
776 446 1113 504 χαριεντίζεται.
1182 486 1186 489 Δ

212 517 268 563 cf.
295 518 425 573 Apol.
455 531 497 573 p.
527 516 639 561 27A
670 520 716 562 et
746 517 871 562 27]).

210 589 395 634 Thflaflt.
425 602 467 644 p.
499 587 586 632 168
602 589 666 633 D
707 588 960 646 ἑπενόησοές
1003 604 1090 631 που
1121 588 1323 642 λέγοντος
1365 585 1468 645 ἄρτι
1499 581 1581 629 roff
1610 590 1790 644 Πρωτα-

197 660 344 723 γόρου
386 665 463 702 καὶ
507 658 798 712 ὀνειδίζοντος
838 659 958 723 ἡμῖν,
1005 657 1074 702 ὅτι
1117 659 1231 717 πρός
1264 659 1448 702 παιδίον
1490 658 1592 710 τους
1632 658 1790 711 λόγους

213 732 470 789 ποιούμενοι
500 734 564 791 τῷ
593 735 674 776 τοῦ
704 732 873 784 παιδός
905 732 1046 791 φόβῳ
1068 730 1407 786 ἀγωνιζοίμεθα
1440 733 1502 782 εἰς
1533 730 1591 772 τα
1625 731 1790 772 ἑαυτοῦ

212 810 290 847 καὶ
320 805 636 861 χαριεντισμόν
666 822 769 848 τινα
803 803 1065 854 οἷποκαλῶν,
1099 802 1426 859 οἷποσεμνύνων
1454 803 1505 846 δὲ
1524 802 1577 846 τό
1601 802 1789 846 πάντων

210 881 383 934 μέτρον,
416 876 672 919 σπουδάσαι
702 875 822 934 ἡμᾶς
854 876 1163 919 διεκελεύσατο
1205 880 1307 933 περὶ
1341 874 1424 918 τόν
1456 872 1600 917 αὑτοῦ
1630 874 1765 928 λόγον
1778 893 1792 926 ,-

212 949 267 992 de
297 961 346 991 re
377 948 493 1003 publ.
526 949 635 992 VIII
665 962 706 1004 p.
738 947 899 992 563A:
941 950 981 990 οἱ
1014 948 1066 991 δὲ
1100 954 1300 1005 γέροντες
1341 950 1661 1001 συγκαθιέντες
1701 956 1791 1008 τοῖς

211 1025 326 1071 νέοις
357 1016 655 1077 εὐτραπελίας
695 1036 742 1062 τε
773 1025 849 1063 καῖ
880 1022 1196 1077 χαριεντισμοῦ
1219 1018 1597 1074 ιἐμπίμπλανται,
1635 1017 1789 1073 μιμού-

210 1107 335 1147 μενοι
380 1090 483 1141 wig
529 1097 674 1142 νέους,
727 1093 804 1135 ἵνα
853 1092 906 1148 δὴ
955 1091 1016 1148 μή
1071 1091 1258 1134 δοκοῖσιν
1309 1089 1464 1148 αἠδεῑς
1510 1090 1629 1134 εἶναι
1675 1089 1790 1146 μηδὲ

197 1162 477 1206 δεσποτικοί.

331 1248 460 1303 Apud
480 1247 749 1293 Demetrium
777 1247 930 1293 iisdem
963 1248 1191 1293 vocabulis
1223 1249 1334 1292 haec
1363 1246 1538 1307 iocandi
1562 1246 1682 1291 notio
1704 1259 1793 1290 non

211 1319 448 1375 subicitur3
479 1319 732 1376 significant
763 1320 881 1376 apud
910 1333 1009 1364 eum
1044 1319 1236 1376 „aliquid
1266 1325 1420 1378 χαρίεν
1451 1319 1679 1372 reddere“‚
1709 1318 1737 1363 i.
1754 1331 1791 1363 e.

211 1391 389 1439 efficere
420 1394 470 1437 ut
501 1391 666 1448 aliquid
697 1392 901 1438 delectet.
933 1418 988 1423 —

330 1476 514 1522 Gratiae
566 1490 655 1521 una
705 1490 802 1521 cum
852 1477 994 1522 Musis
1047 1479 1440 1522 commemorantur
1490 1477 1544 1521 de
1592 1477 1677 1532 leg.
1724 1476 1793 1520 111

210 1564 251 1605 p.
283 1548 371 1593 682
383 1550 435 1594 A.
496 1549 650 1593 Totius
692 1549 820 1594 huius
866 1549 952 1594 loci
993 1550 1298 1606 argumentum
1340 1550 1432 1593 est:
1478 1545 1695 1593 Homerus
1738 1561 1793 1592 ea

211 1635 323 1676 quae
364 1622 421 1665 de·
460 1611 616 1676 oppido
647 1621 878 1666 Dardania
917 1622 964 1666 in
1005 1622 1225 1666 montibus
1268 1621 1444 1665 condito
1486 1622 1662 1675 narrat,
1706 1621 1792 1665 etsi

211 1706 347 1748 quare
377 1693 423 1737 in
453 1692 672 1737 montibus
704 1693 929 1737 conditum
960 1693 1021 1738 sit
1050 1693 1126 1749 (ob
1157 1705 1345 1749 magnae
1377 1693 1548 1737 scilicet
1575 1692 1792 1738 eluvionis

212 1766 269 1810 ad
288 1765 332 1809 id
355 1767 527 1820 tempus
547 1768 770 1809 recentem
796 1765 1067 1822 memoriam)
1099 1766 1254 1819 nescit,
1286 1768 1436 1810 tamen
1457 1765 1604 1810 divino
1628 1764 1793 1809 auxilio

211 1836 389 1881 adiutus
430 1850 540 1882 vera
580 1836 691 1880 dixit
733 1838 867 1892 atque
907 1837 974 1881 ita
1004 1840 1055 1881 ut
1092 1837 1216 1882 facta
1254 1839 1380 1892 sunt;
1421 1849 1524 1881 nam
1564 1839 1793 1892 poetarum

211 1908 406 1954 divinum
436 1921 575 1964 genus
617 1921 672 1952 ea
703 1921 815 1963 quae
856 1922 905 1953 re
936 1922 1046 1954 vera
1076 1912 1322 1955 evenerunt
1361 1912 1516 1953 narrat
1546 1909 1716 1953 Gratiis
1748 1912 1795 1952 et

210 1980 353 2025 Musis
383 1980 564 2036 insuper
594 1980 931 2026 accedentibus:
967 1981 1085 2036 λέγει
1116 1980 1203 2039 γοέρ
1236 1980 1291 2039 δή
1324 1983 1471 2024 ταῦτα
1504 1980 1560 2023 τοὶ
1597 1978 1681 2038 ἔπη
1715 1986 1793 2023 καὶ

211 2051 375 2102 ἐκεῖνα,
420 2050 453 2094 ὁὶ
484 2058 583 2110 περὶ
615 2055 704 2095 τῶν
737 2053 997 2096 Κυκλώπων
1029 2047 1211 2111 εἴρηκεν,
1255 2052 1373 2095 κατα
1408 2053 1524 2096 θεόν
1557 2070 1653 2104 πως
1684 2057 1791 2110 εἰρη-

209 2130 325 2180 μένα
368 2130 445 2167 καῖ
488 2123 605 2167 κατοὶ
649 2124 806 2180 φύσιν·
855 2129 985 2169 θεῖον
1025 2125 1113 2182 γάρ
1152 2118 1231 2169 οὖν
1264 2125 1318 2183 δή
1363 2131 1438 2168 καῖ
1470 2125 1523 2168 τό
1559 2124 1793 2182 ποιητικὸν

212 2194 530 2256 [ἐνθεαστικόν
545 2194 598 2255 1)]
633 2193 686 2240 ὅν
716 2203 842 2251 γένος
862 2194 1102 2256 ὑμνῳδοῦν
1126 2197 1304 2240 πολλῶν
1324 2200 1413 2241 τῶν
1435 2197 1535 2239 κατ’
1558 2195 1791 2254 α’λήθειαν

334 2350 370 2399 1)
394 2349 647 2395 ἐνθεαστικόν,
694 2351 797 2398 quod
839 2352 993 2389 codices
1031 2352 1232 2397 exhibent,
1283 2351 1485 2389 delendum
1526 2362 1612 2388 esse
1656 2362 1794 2388 censeo

212 2416 369 2449 auctore
393 2413 601 2450 Boeckhio.
651 2411 721 2455 Qui
757 2412 796 2448 in
834 2413 932 2449 libro
971 2414 1035 2459 qui
1072 2413 1290 2450 inscribitur
1329 2413 1393 2456 „In
1430 2413 1602 2449 Platonis
1632 2412 1793 2450 Minoem

212 2472 455 2519 eiusdemque
492 2472 611 2509 libros
648 2472 797 2519 priores
835 2472 883 2509 de
921 2473 1093 2519 legibns“
1133 2473 1181 2510 de
1219 2473 1292 2510 hoc
1331 2474 1418 2509 loco
1457 2473 1647 2511 disseruit.
1697 2473 1793 2509 Nam

211 2532 446 2568 ἐνθεαστικόν
469 2536 559 2579 post
582 2531 764 2575 ποιητικόν
788 2533 893 2569 nullo
916 2534 1031 2570 modo
1056 2533 1095 2569 in
1113 2534 1434 2570 constructionem
1451 2533 1655 2570 verborum
1679 2533 1795 2569 inseri

212 2595 359 2639 potest,
398 2592 456 2628 sin
494 2595 618 2629 antem
643 2592 904 2638 transponitur
929 2596 1017 2629 ante
1053 2592 1091 2628 τὸ
1116 2592 1316 2635 ποιητικὸν,
1354 2593 1484 2638 inepta
1518 2593 1647 2629 evenit
1671 2596 1795 2628 tauto·

213 2652 319 2699 logia
355 2655 460 2688 θεῖον
493 2654 554 2688 καὶ
579 2650 821 2689 ἐνθεαστικόν.
872 2652 1034 2690 Accedit
1071 2653 1174 2700 quod
1212 2653 1314 2700 apud
1352 2653 1475 2700 ipsum
1499 2652 1697 2690 Platonem
1729 2664 1795 2688 nu-

214 2724 346 2759 squam
382 2714 571 2760 reperitur
607 2713 680 2749 hoc
713 2704 968 2759 vocabulum(
992 2714 1268 2750 recentioribus
1294 2718 1420 2751 autem
1443 2714 1654 2750 Platonicis
1679 2714 1794 2750 usita-

212 2773 397 2810 tissimum
434 2776 503 2811 est.
564 2773 778 2811 Verisimile
815 2772 933 2819 igitur
970 2777 1028 2810 est
1064 2774 1294 2810 vocabulum
1335 2772 1569 2809 ἐνθεαὶτπκόν
1605 2773 1654 2809 ad
1692 2777 1797 2809 θεῖον

212 2833 535 2880 interpretationis
561 2845 677 2871 causa
702 2834 944 2881 glossematis
969 2826 1055 2871 loco
1083 2834 1290 2881 ascriptum
1314 2834 1353 2871 in
1379 2837 1522 2871 textum
1547 2834 1747 2872 invasisse.
