2001 3296
847 236 1143 281 -73-

321 369 545 413 Theocriti
587 381 765 412 carmen
808 367 865 412 16
906 369 1163 414 inscribitur
1202 368 1397 427 Χάριτες
1428 366 1459 426 ἢ
1489 367 1645 425 Ἱέρων.
1716 369 1785 413 Πθ

200 438 331 484 huius
365 440 569 485 carminis
602 443 864 496 argumento
897 443 943 485 et
974 441 1199 486 sententia
1229 440 1392 497 optime
1428 439 1522 497 egit
1551 440 1727 485 Vahlen
1735 438 1784 497 1).

201 511 302 568 Qua
342 513 397 557 de
440 525 578 557 causa
616 525 686 556 me
728 525 783 557 ea
823 515 999 561 tantum
1031 527 1144 568 quae
1187 513 1243 558 ad
1278 513 1419 569 ipsam
1450 512 1709 560 Gratiarum
1738 512 1786 558 in

199 585 283 628 hoc
325 584 519 628 carmine
560 586 766 632 naturam
807 584 1036 639 pertinent
1083 585 1258 629 adicere
1299 597 1407 640 opus
1454 586 1536 631 est.
1582 607 1620 615 —
1676 585 1786 632 Post

202 655 429 700 exordium
460 655 610 711 pergit
639 656 796 711 poeta:

201 738 264 795 (v.
295 737 355 795 6.)
385 746 451 789 τίς
482 739 570 796 γαρ
600 742 690 781 τῶν
725 737 888 781 ὁπόσοι
919 740 1126 792 γλαυκοὲν
1157 748 1361 783 ναίουσιν
1391 739 1473 783 ὐπ’
1502 738 1570 796 ἠῶ

344 808 560 868 ἡμετέρας
591 810 799 868 Χάριτας
832 811 1035 861 πετάσας
1066 809 1341 860 ὑποδέξεται
1374 813 1475 870 οἴκῳ

345 879 597 933 οἷσπασίως,
631 880 728 925 οὔδ’
760 875 904 933 αὖθις
936 880 1194 940 α’ὄωρήτους
1227 881 1525 941 οἷποπέμψει;

200 954 341 1010 Poeta
371 966 582 1010 mortales
606 964 949 1022 (ἄγαθιδνκλέα
969 964 1168 1024 ἄνδρῶν)
1193 967 1460 1012 carminibus
1481 968 1785 1012 celebraturus

200 1037 352 1082 statim
398 1038 661 1094 interrogat,
707 1038 778 1083 cui
824 1039 993 1083 volenti
1038 1038 1084 1083 id
1129 1039 1332 1083 facturus
1374 1039 1456 1093 sit,
1503 1039 1572 1084 cui
1617 1038 1784 1083 talibus

200 1109 468 1156 carminibus
499 1110 719 1154 laetitiam
751 1110 810 1154 sit
847 1113 1098 1165 paraturus.
1159 1111 1271 1155 Nam
1304 1110 1489 1156 Gratiae
1530 1113 1635 1157 sunt
1676 1110 1786 1155 deae

200 1193 350 1225 earum
381 1194 529 1226 rerum
560 1182 718 1237 quibus
752 1182 866 1227 alter
898 1183 1086 1227 alterum
1116 1182 1292 1227 laetitia
1329 1182 1488 1238 afficit3
1527 1183 1611 1227 hoc
1650 1181 1788 1239 igitur

198 1254 294 1297 loco
342 1254 540 1298 carmina
582 1254 739 1308 quibus
780 1257 915 1309 poeta
955 1254 1234 1310 gratificatur
1275 1257 1455 1308 curant,
1502 1254 1607 1309 quin
1643 1254 1785 1309 ipsam

198 1326 351 1370 horum
385 1326 627 1370 carminum
657 1326 746 1372 vim
776 1326 1092 1371 laetificantem
1117 1327 1298 1371 dearum
1318 1326 1510 1383 imagine
1528 1337 1786 1383 ‘expressam

199 1397 466 1453 significant.
500 1424 554 1429 —
588 1398 685 1442 Has
707 1398 891 1443 Gratias
924 1411 1030 1443 suas
1052 1412 1226 1454 semper
1245 1398 1507 1454 imperfecta
1531 1412 1579 1443 re
1601 1398 1783 1452 redisse,

199 1483 295 1514 cum
328 1483 454 1514 nemo
488 1483 565 1515 eas
596 1470 826 1526 reciperet,
860 1471 1100 1526 tristesque
1132 1471 1246 1515 domi
1284 1471 1549 1526 consedisse,
1581 1470 1785 1517 versibus

198 1543 226 1584 8
240 1542 346 1586 —12
378 1546 547 1587 narrat.
580 1542 636 1587 cf.
667 1543 937 1589 Vahlenum:
983 1544 1061 1599 „In
1099 1544 1221 1587 seine
1264 1543 1459 1588 Grazien
1499 1543 1650 1587 hinein
1689 1544 1785 1599 legt

201 1615 280 1659 der
315 1615 502 1659 Dichter
543 1615 612 1659 die
651 1615 909 1672 Stimmung,
952 1615 1022 1660 die
1065 1615 1140 1660 ihn
1184 1616 1326 1663 selbst
1367 1615 1520 1660 eriiillt
1559 1616 1676 1660 nach
1715 1628 1784 1660 er-

199 1686 383 1731 littener
413 1687 697 1743 Abweisung‚
730 1688 838 1733 aber
868 1701 931 1742 s0‚
963 1688 1068 1732 dass
1100 1688 1303 1744 zugleich
1334 1687 1406 1732 die
1436 1687 1654 1732 konkrete
1674 1688 1784 1732 Vor-

201 1758 397 1814 stellung
428 1759 507 1802 der
538 1759 754 1803 Gedichte
786 1759 1089 1814 hineinspielt‚
1131 1760 1266 1804 deren
1307 1759 1531 1804 volumina
1570 1759 1616 1803 in
1657 1759 1797 1805 ihren

201 1829 377 1874 scriniis
409 1830 579 1885 lagern‚
610 1843 740 1875 wenn
771 1830 978 1875 niemand
1008 1830 1073 1875 sie
1103 1829 1329 1887 beg‘ehrt.“
1386 1830 1619 1875 Sententia
1646 1830 1786 1886 igitur

200 1903 271 1946 est
302 1901 502 1946 carmina
531 1904 704 1957 poetae,
737 1902 894 1956 quibus
937 1902 1181 1958 gratificari
1218 1903 1410 1956 volebat,
1450 1902 1614 1947 nemini
1652 1904 1786 1959 grata

198 1973 340 2019 inisse
372 1987 516 2029 neque
546 1976 723 2030 poetam
756 1975 811 2019 ob
843 1974 1061 2019 hominum
1105 1974 1199 2019 eius
1232 1974 1395 2019 aetatis
1439 1974 1674 2020 avaritiam
1704 1987 1783 2030 pro

197 2047 284 2091 hac
315 2046 643 2102 gratificatione
674 2046 867 2102 gratiam
900 2046 1138 2102 accepisse.
1199 2047 1399 2102 Ipsorum
1440 2048 1589 2103 tamen
1631 2046 1783 2091 carmi-

198 2132 302 2163 num
324 2119 434 2164 deae
466 2131 555 2163 non
577 2118 763 2164 Gratiae
795 2121 900 2163 sunt
932 2119 1011 2163 sed
1037 2119 1193 2165 Musae
1225 2142 1280 2150 —
1314 2131 1428 2173 quae
1457 2118 1583 2174 ipsae
1614 2130 1784 2173 quoque

196 2192 244 2235 in
276 2192 471 2236 carmine
503 2195 899 2236 commemorantur
935 2209 1013 2246 ——;
1044 2190 1252 2249 Χάριτας
1283 2190 1394 2235 talia
1426 2190 1622 2235 carmina
1651 2193 1785 2246 poeta

199 2276 255 2307 ea
284 2265 459 2308 tantum
491 2264 545 2307 de
578 2276 715 2308 causa
747 2263 956 2319 appellat,
989 2263 1104 2318 quod
1137 2263 1194 2307 ad
1233 2262 1280 2306 id
1319 2261 1462 2318 ipsum
1503 2262 1627 2307 facta
1669 2264 1785 2316 sunt;
1835 2257 1838 2259 ’

199 2337 248 2379 ut
281 2331 356 2380 ecs
389 2336 548 2390 quibus
581 2338 685 2381 sunt
717 2336 842 2381 facta
871 2335 1048 2380 laetitia
1081 2335 1331 2389 afficerent3
1365 2335 1421 2380 cf.
1452 2348 1495 2381 v.
1527 2333 1607 2379 69:

343 2419 526 2477 δίζημαι
559 2419 614 2470 δ’,
650 2416 765 2464 gum
798 2421 989 2464 θνατῶν
1021 2425 1439 2478 κεχαρισμένος
1472 2417 1596 2463 ἕνθω

343 2491 445 2534 σύν
477 2496 750 2543 Μοίσαις.
1661 2503 1663 2505 ’

197 2575 348 2631 Ipsum
389 2576 473 2619 hoc
517 2588 693 2620 carmen
739 2576 795 2620 ad
827 2575 1065 2620 Hieronem
1106 2575 1286 2620 missum
1318 2574 1530 2620 eiusmodi
1561 2577 1654 2631 est;
1696 2588 1784 2630 qua

200 2647 254 2691 de
286 2660 425 2692 causa
454 2647 650 2706 Χάριτες
682 2647 952 2692 inscribitur.
1015 2647 1200 2691 Hieroni
1231 2660 1280 2692 se
1319 2653 1636 2705 κεχαρισμένον
1678 2660 1783 2693 ven-

323 2825 360 2870 1)
390 2824 652 2871 Sitzungsber.
678 2825 715 2862 d.
739 2824 915 2861 Berliner
939 2823 1013 2860 Ak.
1040 2824 1144 2869 1884,
1169 2835 1207 2870 p.
1232 2824 1303 2861 823
1329 2833 1410 2870 sqq.
