2001 3296
862 262 1149 318 -2-·

201 398 448 452 comitatur,
489 396 762 442 secernenda
797 397 853 441 ab
893 395 1032 451 ipsius
1072 394 1412 451 pulchritudinis
1452 396 1652 452 notione3
1691 408 1795 457 non-

200 473 281 514 est·
302 472 469 515 certum
502 467 840 524 pulchritudinis
872 479 1026 524 genus.
1076 466 1190 512 Aliis
1222 479 1394 523 quoque
1424 467 1472 513 in
1500 469 1634 513 rebus
1654 468 1780 523 χάρις

198 541 246 586 id
276 544 347 586 est
377 541 491 595 quod
523 540 582 584 ad
612 541 806 584 ceteram
836 538 902 583 rei
933 540 1138 583 naturam
1169 539 1386 585 accedens
1407 540 1523 585 hanc
1542 553 1636 585 rem
1653 538 1779 584 laeti-

199 613 405 657 ficantem
435 610 594 661 reddit.
641 610 766 667 Quae
788 609 956 665 χάρις
976 609 1214 665 insuper
1236 611 1522 656 accedens
1544 625 1572 656 a
1591 611 1778 656 Platone

200 684 451 729 accuratius
493 683 743 739 explicatur
783 683 838 726 de
878 682 965 737 leg.
995 682 1042 725 II
1082 695 1124 736 p.
1158 680 1245 725 667
1267 683 1305 726 Β
1337 696 1454 738 sqq.;
1495 684 1618 728 cuius
1653 681 1777 727 testi-

197 756 388 801 monium
418 753 729 812 gravissimum
759 752 960 810 planiore
991 752 1292 809 disputatione
1322 754 1640 812 interpretatus
1671 766 1778 800 sum.

196 828 379 873 Plurimi
408 826 596 896 Graecis
614 825 867 895 aestimata
902 826 973 869 est
1012 826 1150 871 haec
1156 825 1234 898 vis
1266 826 1561 901 laetificatrix
1599 827 1778 882 insuper

197 899 437 955 accedens3
478 912 534 944 ea
564 885 797 943 deficiente
827 891 1055 954 perfectae
1087 899 1134 943 et
1156 871 1397 945 absolutae
1436 912 1510 945 res
1551 912 1651 945 esse
1690 910 1777 944 non

195 974 404 1032 possunt:
450 972 618 1026 χάρις
650 969 1105 1014 consummatrix
1136 972 1218 1015 est.
1258 995 1316 1004 -
1359 971 1527 1027 Quibus
1568 970 1776 1040 exemplis

195 1043 396 1089 omnibus
414 1041 628 1103 primaria
646 1041 854 1087 vocabuli
869 1040 1140 1099 significatio
1162 1044 1371 1098 apparet.
1393 1043 1557 1108 χάρις
1576 1042 1632 1088 ιιι
1652 1041 1775 1087 ιιιιι-

195 1126 423 1161 versum
453 1115 509 1160 id
541 1117 631 1160 est
662 1114 809 1169 quod
837 1109 1144 1159 laetitiam
1184 1114 1414 1160 efficit
1431 1106 1690 1183 (transitiva
1730 1116 1776 1159 et

196 1187 348 1233 activa
377 1186 457 1244 vi),
498 1199 586 1231 non
621 1185 798 1264 laetitia
827 1185 927 1242 ipsa
957 1184 1296 1249 (intransitive).
1356 1186 1623 1232 Laetitiam
1624 1186 1775 1241 ipsam

194 1259 330 1315 χαρά-
347 1258 582 1314 significat
613 1283 669 1291 —-
665 1258 802 1314 Qua
827 1257 1037 1303 vocabuli
1066 1256 1196 1314 χάρις
1226 1257 1549 1314 significatione
1570 1257 1776 1314 primaria

195 1330 385 1376 inventa
411 1342 489 1375 eos
519 1330 639 1375 locos
671 1329 746 1374 ubi
776 1330 888 1375 haec
913 1328 1038 1374 notio
1069 1328 1213 1375 minus
1251 1332 1408 1398 aperta
1448 1330 1521 1376 vel
1560 1328 1774 1385 singulari

195 1403 385 1458 quadam
436 1405 653 1458 usurpata
702 1404 804 1447 est
811 1389 1002 1448 ratione
1044 1402 1367 1458 interpretatus
1424 1415 1540 1457 sum3
1602 1401 1774 1458 planius
1848 1419 1850 1421 >

195 1474 499 1520 disserendum
550 1476 647 1519 erat
704 1474 758 1518 de
820 1473 1077 1520 accusativo
1139 1474 1272 1535 χάριν
1332 1473 1644 1530 appositionis
1668 1473 1772 1518 loco

177 1549 422 1602 usurpato.

308 1630 371 1676 Π.
412 1631 654 1686 Postquam
699 1629 845 1687 priore
891 1629 1037 1695 capite
1082 1629 1305 1675 notionem
1349 1628 1602 1685 variumque
1647 1642 1771 1675 usum

192 1702 400 1769 vocabuli
429 1702 476 1747 in
507 1690 761 1748 universum
793 1702 1016 1757 constitui,
1055 1702 1196 1747 altero
1228 1700 1374 1757 capite
1403 1700 1451 1745 in
1480 1701 1771 1757 proprietates

191 1774 402 1829 inquisivi
432 1774 704 1831 singulorum
735 1774 1010 1830 scriptorum,
1043 1768 1236 1829 quorum,
1277 1785 1374 1818 cum
1404 1772 1607 1819 vocabuli
1647 1774 1773 1830 χάρις

191 1846 313 1897 notio
344 1845 410 1891 rei
441 1843 735 1902 qualicunque
775 1845 950 1891 ratione
990 1845 1210 1900 laetitiam
1250 1839 1485 1897 efficientis
1525 1843 1647 1889 satis
1676 1843 1770 1890 uni-

191 1918 381 1965 versalis
414 1918 507 1973 sit,
500 1912 641 1975 apud
673 1919 807 1964 alium
849 1918 941 1964 alia
982 1909 1111 1972 huius
1139 1912 1345 1962 notionis
1385 1929 1489 1972 pars
1529 1917 1770 1973 praevalet.

186 1991 433 2046 Dispositio
480 1991 609 2035 huius
658 1991 826 2055 capitis
859 1991 960 2056 ipsa
999 1979 1296 2055 inquisitionis
1337 1991 1499 2033 natura
1537 1984 1772 2044 praefinita

191 2064 312 2106 erat:
344 2074 423 2117 per
443 2060 652 2118 singulos
685 2061 926 2117 scriptores
956 2074 1049 2105 rem
1079 2052 1286 2105 tractavi.
1310 2084 1362 2091 —
1386 2059 1453 2103 De
1474 2058 1639 2104 deabus
1660 2073 1772 2115 quae

194 2132 386 2189 Χάριτες
418 2134 699 2189 appellantur
728 2132 966 2189 praecipue
996 2133 1080 2177 hoc
1111 2131 1251 2176 altero
1278 2130 1424 2186 capite
1454 2130 1538 2187 egi,
1568 2144 1654 2187 uon
1686 2145 1769 2186 quo

188 2204 519 2249 substantivum
551 2205 684 2261 χάριν
716 2208 762 2249 et
793 2204 902 2249 deas
923 2203 1125 2259 Χάριτας
1146 2202 1419 2247 secernenda
1439 2214 1537 2247 esse
1557 2208 1770 2258 putarem,

192 2276 272 2320 sed
302 2276 418 2330 quod
448 2278 611 2321 natura
641 2278 796 2321 harum
827 2271 1021 2329 dearum,
1052 2287 1166 2330 quae
1198 2274 1315 2329 apud
1346 2273 1478 2318 alium
1513 2275 1769 2331 scriptorem
1803 2294 1805 2297 ·

105 2356 113 2362 ·
191 2359 309 2392 cum
320 2346 412 2392 alia
451 2347 643 2405 imagine
685 2338 872 2403 aliisque
912 2345 1108 2402 moribus
1151 2344 1412 2391 coniunctae
1453 2344 1554 2402 sint,
1593 2345 1769 2403 nimium

189 2417 368 2462 variata
414 2420 484 2461 est
530 2430 659 2471 quam
704 2421 755 2462 ut
799 2418 961 2474 idonea
1004 2417 1211 2463 videatur
1251 2428 1349 2461 esse
1391 2416 1447 2505 ad
1486 2417 1769 2509 principalem

181 2487 395 2534 'vocabuli
425 2487 648 2532 notionem
679 2486 995 2544 explicandam.
1189 2503 1191 2507 ’
1349 2504 1351 2507 ’
1721 2507 1725 2509 “

308 2570 579 2627 Appendicis
603 2571 707 2614 loco
722 2571 795 2616 de
825 2570 1001 2649 lucendi
1023 2542 1200 2614 notione
1222 2582 1353 2625 quae·
1344 2571 1493 2615 ·radici
1512 2587 1599 2629 χαρ
1619 2572 1767 2617 inesse

187 2643 365 2718 dicitur
380 2641 584 2687 disserui.
803 2650 807 2653 ’
