2001 3296
884 228 1180 275 ..31-

234 364 541 420 «γελὰσθῆναι-
559 383 632 394 --
662 359 793 405 Hunc
819 359 1090 416 scriptorem>
1105 358 1387 412 invocabulo
1406 359 1538 418 χάρις
1566 357 1819 414 primariam

242 433 619 490 significationem
632 431 902 476 laetificandi
921 431 1171 488 intelligere
1193 433 1378 487 appmt
1396 435 1445 475 et
1463 431 1540 475 illo
1560 428 1818 488 εὐφραίνειν

236 508 288 552 vet
317 503 545 552 vocabulis
575 501 726 563 *ἡδονή
747 505 795 548 et
823 503 953 563 χάρις
984 502 1228 549 ῦοηὶιιπῦὲίε
1269 501 1316 562 (ξ
1349 501 1458 548 18οε
1488 503 1609 560 τάχα
1640 501 1729 562 γάρ
1761 501 1816 560 δὴ

242 575 367 620 ἔσται
404 593 470 628 τις
509 574 647 634 ἡδονή
693 581 771 618 καὶ
810 576 953 635 χάρις,
995 574 1081 619 ἐάν
1112 611 1121 619 .
1157 610 1165 618 .
1202 610 1236 630 .,
1282 576 1337 621 cf.
1369 574 1396 633 ξ
1429 575 1537 620 181:
1580 573 1608 632 ἦ
1649 574 1700 617 ἐκ
1739 577 1816 632 τῆς

238 648 447 707 τοιαύτης
476 646 640 706 ἡδονῆς
670 648 831 707 χάρις).
876 675 879 678 ·

360 848 582 911 Quomodo
612 851 703 897 ista
722 852 851 912 χάρις
873 864 986 908 quae
1018 852 1075 896 ad
1105 864 1198 896 rem
1227 851 1381 908 ipsam,
1412 854 1463 895 ut
1483 864 1619 907 supra
1639 851 1814 896 demon-

239 924 490 979 stravimus,
522 925 738 970 accedens
770 926 1126 979 consummatam,
1157 924 1427 969 Graecorum
1447 922 1620 979 quidem
1641 923 1814 978 iudicio,

238 997 285 1041 et
325 995 570 1053 perfectam
610 996 757 1042 reddit
802 1009 896 1041 rem
938 996 1057 1041 iuter
1103 1009 1296 1041 summas
1336 995 1493 1041 laudes
1535 998 1582 1040 et
1621 995 1813 1042 virtutes

237 1070 504 1119 numeretur>
519 1068 728 1127 ostendat
746 1068 862 1114 Plat.
884 1069 938 1113 de
968 1082 1027 1133 rel
1047 1068 1164 1124 publ.
1184 1068 1249 1114 VI
1274 1082 1316 1124 p.
1348 1066 1435 1112 487
1457 1070 1520 1112 A:
1554 1067 1811 1124 Sapientiae

238 1139 438 1195 studiosi,
484 1152 593 1195 quos
633 1140 763 1187 Plato
803 1140 869 1185 rei
907 1140 1112 1196 publicae
1151 1152 1361 1196 praeesse
1401 1140 1510 1193 vult,
1556 1152 1655 1184 cum
1699 1141 1812 1185 alias

237 1211 428 1258 virtutes
456 1215 553 1264 'tum
587 1213 715 1268 hanc,
756 1214 807 1257 ut
847 1212 938 1258 sint
978 1210 1220 1272 εὐχάριτες,
1261 1213 1426 1258 habere
1467 1211 1651 1257 debent:
1692 1209 1812 1256 ἔστιν

239 1277 318 1328 οὖν
341 1281 430 1349 ’ὅπῃ
453 1290 610 1349 μέμψῃ
642 1286 842 1329 τοιοῦτον
873 1283 1164 1342 ἐπιτήδευμα,
1199 1282 1226 1327 δ’
1255 1285 1420 1343 μήποτ’
1452 1281 1512 1328 ἄν
1542 1300 1609 1336 τις
1641 1282 1734 1337 οἷός
1764 1302 1811 1328 τε

235 1362 406 1410 γένοιτο
424 1359 596 1408 ,ἱκανῶς
616 1355 921 1414 ἐπιτηδεῦσαι,
954 1361 997 1399 εἰ
1023 1356 1082 1414 pm}
1107 1357 1235 1412 φύσει
1266 1358 1332 1414 εἴη
1353 1358 1554 1414 μνήμων,
1586 1355 1810 1414 εὐμαθής,

234 1427 589 1487 μεγαλοπρεπής,
642 1425 843 1488 εὔχαρις,
903 1428 1026 1485 φίλος
1077 1445 1125 1471 τε
1181 1433 1258 1471 καὶ
1310 1428 1518 1486 συγγενής
1570 1426 1809 1487 α’ληθείας,

235 1499 531 1557 δικαιοσύνης,
565 1498 790 1559 οἷνδρείας,
823 1501 1128 1558 σωφροσύνης,-

352 1584 489 1629 Plura
529 1584 730 1641 exempla
771 1597 883 1640 quae
924 1583 1079 1639 quanti
1108 1584 1237 1629 Plato
1278 1597 1449 1639 quoque
1480 1583 1704 1642 (neglecto
1734 1585 1809 1630 illo

232 1656 392 1701 iudicio
424 1657 540 1711 quod
570 1669 706 1713 supra
736 1656 977 1712 attulimus,
1008 1656 1063 1701 de
1082 1657 1168 1713 leg.
1188 1657 1236 1701 H
1251 1670 1292 1712 p.
1315 1654 1402 1700 667
1424 1655 1483 1714 Β)
1506 1657 1815 1704 aestimaverit-

234 1729 348 1773 hanc
393 1728 527 1786 χάριν
574 1728 813 1773 ostendant
869 1741 921 1773 eo
969 1728 1149 1773 afferam
1196 1727 1342 1784 capite
1386 1742 1472 1784 quo
1519 1729 1575 1774 de
1621 1729 1809 1786 singulis

233 1798 520 1854 scriptoribus
552 1798 778 1844 disseram.

351 2009 575 2060 Interdum
604 2013 733 2073 χάρις
764 2013 989 2062 invenitur
1018 2014 1094 2060 ubi
1124 2028 1204 2060 nos
1230 2015 1478 2072 graviorem
1499 2017 1804 2072 exspectemus

232 2085 617 2141 significationem3
649 2086 888 2131 ostendunt
917 2087 1032 2131 tales
1062 2087 1148 2131 loci
1178 2087 1333 2142 quanti
1362 2087 1599 2133 aestimata
1628 2088 1710 2133 sit:

230 2157 606 2213 Aeschyluscum
637 2157 784 2203 dicere
814 2158 911 2204 vult
942 2171 1038 2203 eum
1069 2158 1187 2214 pium
1218 2171 1304 2203 non
1326 2171 1427 2204 esse
1447 2159 1522 2214 qui
1541 2162 1678 2217 neget
1697 2160 1804 2205 deos

232 2240 379 2272 curam
420 2228 584 2273 habere
625 2228 871 2273 mortalium
915 2242 943 2273 a
983 2229 1139 2284 quibus
1181 2243 1253 2274 res
1294 2243 1450 2275 sacrae
1492 2231 1806 2278 conculcentur

228 2312 320 2344 rem
350 2298 417 2344 ita
448 2299 678 2345 enuntiat:

231 2366 416 2427 (Agam.'
436 2368 543 2427 371)
577 2368 655 2414 οὐκ
686 2368 774 2427 ἔφα
805 2388 871 2423 τις

373 2441 509 2494 θεοὺς
540 2443 710 2499 βροτῶν
742 2439 992 2492 ἀξιοῦσθαι
1022 2443 1174 2499 μέλειν

375 2511 492 2565 ὅσοις
525 2511 787 2558 dotare->v
817 2515 985 2573 χάρις

373 2589 582 2630 πατοῖθ’·
618 2583 644 2629 0‘
676 2585 718 2629 δ’
750 2583 828 2630 οὐκ
859 2584 1054 2645 εὐσεβής.

228 2658 334 2703 Eur.
364 2657 479 2703 Med.
511 2656 620 2702 439:
651 2659 819 2721 βέβακε
851 2657 892 2701 δ’
926 2655 1109 2718 ὅρκων
1140 2661 1334 2719 χάρις,
1369 2660 1464 2705 οὐδ’
1495 2649 1741 2714 ἔτ’·ᾼίδώς

370 2727 546 2773 Ἑλλάδι
576 2731 635 2790 τᾷ
663 2729 840 2790 μεγάλᾳ
869 2736 1007 2786 μένει,
1041 2735 1229 2793 αἰθιξρία
1263 2732 1304 2777 δ’
1337 2731 1529 2779 οἲνέπτα.

227 2800 333 2845 Eur.
364 2801 569 2848 Androm.
601 2800 712 2846 491:
744 2798 885 2853 ἄθεος
916 2799 1081 2858 ἄνομος
1111 2800 1274 2862 ἄχαρις
1307 2802 1334 2847 o‘
1365 2805 1511 2860 φόνος.
