2001 3296
226 395 405 439 Theoer.
421 394 491 448 22,
509 393 618 438 1681
648 392 770 433 ἴσκον
784 388 938 432 τοιάδε
956 388 1118 439 πολλά,
1139 389 1197 432 τοὶ
1221 389 1261 432 δ’
1278 394 1340 442 εἰς
1359 388 1500 448 ῦγρόν
1522 386 1659 447 ᾤχετο
1679 390 1799 443 κῦμα

370 465 501 523 πνοιή
536 462 678 520 &xmus
713 459 908 517 οἷνέμοιο,
939 461 1070 519 χάρις
1102 460 1142 505 δ’
1176 460 1254 518 ούχ
1286 464 1445 506 ἕσπετο
1474 461 1654 517 μύθοις.

229 540 394 595 „verba
434 550 520 581 non
562 549 617 579 ea
657 536 786 578 erant
826 546 939 588 quae
978 532 1195 578 laetitiam
1236 534 1505 587 effecerint“,
1534 533 1562 577 i.
1593 547 1630 577 e.
1661 533 1800 578 verba

225 623 313 655 non
341 608 615 665 placuerunt,
646 618 733 650 non
764 605 1047 660 comprobata
1077 606 1191 650 sunt.

225 693 281 738 cf.
313 693 426 736 Plat.
458 691 591 735 Conv.
622 704 663 745 p.
690 688 848 733 183B:
879 690 942 731 τόῖ
972 687 1012 731 δ’
1042 687 1196 747 ἐρῶντι
1228 690 1383 734 πάντα
1415 691 1562 732 ταῦτα
1596 689 1799 730 ποιοῦντι

224 765 354 822 χάρις
387 765 559 806 §.newa
626 762 823 817 „amator
863 760 902 806 si
942 761 1052 806 haee
1094 761 1239 806 omnia
1280 761 1390 807 facit
1419 761 1635 817 probatur
1664 758 1798 804 homi-

226 834 397 879 nibus‘ss
469 832 718 889 Opponitur
760 831 870 877 illud
918 833 1073 892 „2505ch
1114 834 1299 876 ἕπεται“
1349 832 1498 878 verbis
1548 830 1797 922 ὀνειδίζειν,

226 909 456 950 νουθετεῖν
488 918 601 960 quae
632 904 911 949 antecedunt.
942 930 998 938 —

224 978 355 1033 Soph.
386 977 456 1021 El.
488 976 588 1021 356.
619 977 822 1021 Electra:
858 976 986 1021 λυπῶ
1017 976 1067 1020 δὲ
1096 977 1288 1028 τούτους,
1321 974 1431 1019 ὥστε
1461 978 1524 1035 τῷ
1554 975 1796 1032 τεθνηκότι

365 1048 499 1103 τιμοὶς
530 1047 822 1106 προσάπτειν,
855 1049 900 1090 εἴ
923 1065 990 1099 τις
1022 1045 1111 1090 ἔστ’
1144 1046 1236 1090 ἐκεῖ
1263 1048 1405 1106 χάρις.

227 1119 465 1176 „siquidem
517 1118 682 1175 aliquid
732 1120 803 1164 est
853 1119 968 1174 quod
1018 1118 1080 1163 ibi
1132 1118 1269 1175 (apud
1314 1117 1527 1175 mortuos)
1578 1117 1796 1163 laetitiam

223 1192 395 1248 paret“.

222 1264 337 1307 Plat.
369 1263 423 1307 de
453 1263 538 1319 leg.
570 1263 657 1307 VII
686 1277 727 1318 p.
759 1261 914 1306 7960:
944 1260 973 1318 ἦ
1007 1262 1058 1304 δὲ
1089 1255 1152 1305 αῦ
1184 1278 1270 1305 που
1302 1261 1409 1319 παρ’
1439 1260 1546 1319 ἡμῖν
1578 1262 1684 1319 κόρη
1718 1268 1794 1304 καὶ

224 1333 439 1378 δέσποινα
463 1333 701 1391 (Minerva)
721 1331 1030 1392 εὐφρανθεῖσα
1061 1335 1117 1397 τῇ
1146 1335 1223 1391 τῆς
1254 1341 1430 1392 χορείας
1458 1332 1626 1392 παιδιᾷ
1645 1343 1795 1385 κεναῖς

221 1411 371 1461 χερσιν
404 1404 482 1449 ούκ
514 1404 642 1464 ᾠήθη
677 1405 772 1449 δεῖν
805 1403 1014 1463 οἷθύρειν,
1049 1405 1284 1464 πανοπλία
1317 1405 1369 1448 δὲ
1399 1405 1616 1449 παντελεῖ
1643 1418 1794 1462 κοσμκη-

223 1480 358 1530 θεῖσα
403 1474 514 1521 οὕτω
556 1477 638 1535 τήν
682 1474 863 1536 ορχησιν
895 1477 1230 1536 διαπεραίνειν·
1279 1475 1313 1521 όὶ
1354 1476 1407 1535 δὴ
1443 1478 1627 1530 πάντως
1655 1488 1794 1533 μιμεῖ-

223 1554 337 1592 σθαι
370 1556 542 1608 πρέπον
586 1547 645 1593 ἂν
676 1551 741 1606 ειη
775 1550 930 1607 κόρους
960 1566 1008 1592 τε
1040 1547 1138 1605 α’,ιια
1170 1555 1248 1592 και
1279 1550 1417 1608 κόρας
1458 1550 1540 1606 τήν
1570 1553 1648 1607 τῆς
1680 1552 1795 1593 θεοῦ

220 1622 355 1679 χάριν
385 1623 619 1676 τιμῶντας.
687 1620 759 1677 „id
789 1621 904 1675 quod
935 1621 1062 1667 deam
1102 1621 1277 1665 laetitia
1317 1621 1459 1666 afficit
1499 1621 1576 1678 (cf.
1607 1638 1792 1680 ευφραν-

223 1697 380 1744 θεῖσα)
411 1693 455 1737 in
487 1693 650 1737 honore
681 1693 941 1744 habentes“.

221 1766 354 1809 RheS.
388 1764 497 1808 163:
530 1761 685 1808 οὔκουν
718 1774 873 1807 πονεῖν
903 1767 987 1819 μὲν
1016 1765 1115 1823 χρή,
1149 1767 1374 1808 πονοῦντα
1409 1764 1447 1807 δ’
1472 1762 1602 1814 ἄξιον

363 1836 536 1893 μισθόν
568 1839 812 1895 φέρεσθαι,·
845 1827 986 1881 παντὶ
1015 1836 1103 1896 γοέρ
1136 1845 1421 1896 προκείμενον

364 1908 513 1966 κέρδος
546 1908 658 1970 πρὸς
690 1906 799 1966 ἔργῳ
831 1908 914 1965 τήν
943 1909 1081 1967 χάριν
1110 1916 1246 1951 τίκτει
1279 1909 1459 1966 διπλῆν.

221 1980 454 2026 Sententia
483 1982 574 2025 est:
605 1979 774 2025 factum
793 1978 936 2036 ipsum
955 1979 1042 2025 iam
1064 1980 1229 2036 aliquid
1251 1981 1366 2036 quod
1385 1980 1599 2026 laetificet
1618 1981 1793 2040 (χάριν)

220 2054 356 2096 habet
386 2055 456 2109 (ut
485 2052 671 2108 gloriam
702 2050 805 2107 etc.)
818 2086 828 2106 ‚
871 2052 940 2095 sin
972 2054 1117 2096 autem
1151 2053 1323 2096 accedit
1353 2053 1517 2110 κέρδος,
1550 2053 1713 2108 duplex
1743 2053 1795 2096 fit

220 2124 331 2168 haec
360 2123 504 2182 χάρις.
541 2148 591 2155 -

340 2208 444 2253 Eur
476 2208 623 2263 Suppl.
655 2206 711 2251 79
759 2208 916 2252 chorus
963 2208 1036 2252 vel
1080 2208 1215 2265 χάριν
1261 2209 1383 2262 γόων
1435 2208 1581 2254 dicere
1632 2211 1793 2266 potest,

220 2280 568 2335 quandoquidem
599 2279 880 2324 lamentando
903 2279 1095 2324 dolorem
1117 2280 1243 2334 quasi
1264 2280 1460 2336 effundit,
1490 2281 1794 2337 laetitiamque

222 2350 306 2394 sibi
337 2354 564 2407 comparat
575 2349 635 2409 ¹):

365 2420 589 2480 απληστος
622 2420 706 2466 άόε
735 2426 779 2479 μ’
812 2422 963 2478 ἐξάγει
994 2424 1123 2482 χάρις
1154 2424 1276 2478 γόων

364 2494 661 2548 πολύπονος.
1241 2514 1243 2516 ·

342 2661 377 2705 1)
404 2660 452 2699 cf.
476 2662 649 2709 Lessing,
666 2663 864 2701 Laokoon
888 2665 1014 2701 XXV:
1066 2665 1159 2707 „Die
1185 2664 1293 2702 Seele
1324 2666 1392 2703 hat
1417 2666 1478 2703 die
1502 2667 1678 2712 Freihest,
1711 2668 1793 2704 sich

221 2718 314 2754 bald
337 2718 399 2754 bei
425 2719 510 2755 dem
534 2722 850 2768 vergniigliehen‚
875 2723 967 2760 bald
991 2724 1053 2760 bei
1079 2724 1163 2760 dem
1180 2725 1367 2771 widrigen
1384 2725 1490 2762 Teile
1515 2726 1619 2763 einer
1634 2726 1793 2764 Leiden-

221 2776 346 2814 sehaft
371 2789 417 2813 zu
442 2781 648 2818 verweilen
673 2782 752 2818 und
788 2782 870 2819 sich
895 2783 978 2821 eine
1002 2784 1282 2833 Vermisehung
1318 2796 1396 2821 von
1421 2786 1516 2822 Lust
1551 2786 1631 2822 und
1655 2787 1794 2824 Unlust

221 2836 340 2883 solbat
365 2847 411 2872 zu
437 2837 620 2885 sebasten,
647 2841 708 2878 die
733 2842 931 2880 reizender
954 2843 1004 2880 ist
1028 2844 1085 2880 als
1111 2844 1180 2881 das
1206 2845 1386 2881 lauterste
1411 2846 1679 2893 Vergniigen.“
