2001 3296
857 207 1154 253 —63—

191 344 331 387 Carm.
360 353 459 396 pop.
492 338 549 383 44
563 357 572 384 :

333 405 370 470 οῗ
401 411 575 463 παῖδες,
611 408 705 453 ὅσοι
727 415 940 470 Χαρίτων
970 428 1018 454 τε
1049 416 1127 454 καὶ
1159 418 1366 470 πατέρων
1393 412 1547 468 λάχετ’
1568 412 1762 463 ἐσθλῶν,

155 539 157 541 v
328 484 389 544 μή
425 484 641 541 φθονεῖθ’
675 481 792 542 ἇίρας
823 475 1073 539 ἀγαθοῖσιν
1106 482 1300 541 ὁμιλίαν.

191 559 359 615 ‚‚pueri,
396 557 470 613 qui
500 557 753 603 Gratiarum
785 571 920 614 opera
950 558 1127 604 venusti
1159 558 1457 613 amabilesque
1489 557 1598 603 estis
1630 560 1763 614 atque

186 644 210 676 e
241 629 461 685 nobilibus
492 629 578 674 orti
608 629 718 675 estis
748 630 962 686 patribus,
993 630 1130 675 nolite
1159 643 1379 686 recusare,
1411 631 1641 686 quominus
1661 632 1765 676 boni

187 702 233 759 (i.
245 715 282 746 e.
298 700 488 758 nobiles)
511 714 608 746 cum
626 701 857 760 iuventute
877 706 1033 748 vestra
1052 703 1367 748 consuetudine
1388 703 1612 748 coniuncti
1632 703 1761 748 sint.“

109 842 111 844 ι
186 784 535 842 Lycophronidis
566 784 622 830 fr.
651 784 702 830 2:
736 821 745 830 .
768 820 777 830 .
799 820 809 831 .
842 785 947 829 ἐπεί
971 804 1046 841 μοι
1078 787 1182 838 νόος
1215 783 1332 844 ἄλλᾳ
1363 784 1545 842 ’κέχυται

328 855 406 900 ἐπὶ
436 856 524 900 τοέν
554 858 749 915 Χάρισιν
781 858 919 913 φίλαν
952 857 1102 901 ’ποίϊδα
1136 863 1213 900 καὶ
1244 858 1406 901 καλάν.

305 940 472 997 Quibus
504 954 560 986 ex
589 941 708 997 locis,
740 944 790 987 ut
820 944 1045 987 servatum
1076 954 1165 986 non
1196 944 1317 987 esset
1337 941 1635 999 fragmentum
1654 941 1764 986 illud

146 1017 149 1019 ’
185 1011 466 1058 Pindaricum
503 1013 577 1067 (fr.
609 1012 729 1071 123),
769 1016 917 1059 tamen
957 1014 1317 1060 verisimillimum
1356 1014 1484 1071 fieret
1523 1014 1763 1060 Pindarum

185 1096 356 1138 quoque
386 1086 435 1128 ut
464 1087 634 1129 ceteros
665 1086 822 1140 poetas
862 1085 1025 1141 lyricos
1066 1088 1244 1140 praeter
1285 1075 1485 1131 Gratias*
1506 1086 1608 1145 illas
1650 1099 1762 1140 quas

183 1156 228 1199 in
260 1155 458 1211 epiniciis
489 1156 734 1203 invenimus
765 1157 898 1201 etiam
939 1157 1190 1202 venustatis
1232 1158 1339 1202 deas
1385 1159 1432 1202 et
1472 1157 1761 1202 amabilitatis

187 1227 344 1283 quibus
374 1228 501 1273 homo
532 1228 748 1273 hominem
777 1228 954 1273 laetitia
984 1227 1124 1273 afficit
1158 1229 1433 1274 intellexisse
1473 1232 1520 1274 et
1561 1230 1761 1274 coluisse.

304 1313 573 1356 Vocabulum
619 1314 749 1370 χάρις
796 1313 911 1367 apud
957 1314 1038 1356 hos
1084 1315 1239 1367 poetas
1281 1313 1482 1358 similiter
1521 1318 1762 1369 usurpatur

184 1385 318 1438 atque
359 1384 476 1440 apud
511 1383 770 1429 Pindarum:
812 1384 885 1430 vel
924 1383 971 1428 in
1010 1383 1264 1429 universum
1304 1384 1350 1428 id
1391 1384 1506 1439 quod
1544 1384 1762 1429 laetitiam

183 1457 314 1511 parat
345 1455 567 1513 significat
607 1456 680 1501 vel
720 1456 945 1512 singulare
986 1456 1204 1510 quoddam
1244 1470 1389 1501 rerum
1428 1456 1762 1501 laetificantium

183 1541 337 1584 genus,
379 1528 589 1585 imprimis
631 1528 798 1575 factum
839 1528 1088 1574 laetificans
1130 1529 1224 1575 sive
1267 1531 1443 1586 gratum
1485 1527 1562 1587 (cf.
1603 1528 1762 1584 prioris

182 1599 340 1656 capitis
370 1599 574 1659 initium).
1431 1616 1436 1621 ⁷

301 1685 645 1742 significationis
675 1685 940 1732 universalis
973 1685 1174 1742 exempla
1204 1687 1331 1731 sunt:

184 1769 380 1826 Theogn.
412 1768 522 1814 604:
555 1768 671 1833 οἷρχῇ
702 1767 778 1813 ἔπι
812 1769 1008 1828 ψεύδους
1038 1769 1168 1828 μικρή
1202 1770 1355 1827 χάρις·
1397 1768 1441 1821 ἐς
1469 1769 1520 1812 δὲ
1550 1769 1757 1827 τελευτήν

327 1840 515 1900 αἰσχρόν
548 1841 598 1883 δὲ
628 1841 779 1899 κέρδος
811 1846 889 1884 καὶ
920 1841 1077 1892 κακόν,
1112 1840 1366 1899 ἀμφότερον

326 1920 511 1967 γίνεται.

185 1978 392 2030 Sim'onid.
424 1985 478 2030 fr.
509 1984 588 2029 70:
622 1982 727 2027 οὐδὲ
757 1985 901 2037 καλοῖς
934 1992 1091 2041 σοφίας
1121 1985 1241 2028 ἐστὶν
1272 1976 1414 2043 χάρις,

325 2061 368 2099 εἰ
394 2056 457 2114 μή
487 2073 553 2107 τις
587 2054 676 2111 ἔχει
709 2057 879 2111 σεμνοὶν
910 2055 1100 2111 ὑγίειαν.

183 2128 239 2172 cf.
270 2128 530 2184 Ariphronis
561 2129 780 2184 hymnum,
811 2142 853 2183 p.
884 2126 955 2173 62.

299 2213 353 2256 In
385 2212 570 2269 singulis
607 2213 753 2256 autem
793 2224 939 2256 rerum
979 2212 1312 2257 laetificantium
1352 2211 1588 2268 generibus
1629 2225 1760 2257 voca-

181 2284 282 2328 bulo
313 2283 443 2342 χιίρις
468 2283 728 2340 significatis
741 2283 833 2327 'hoc
853 2283 1008 2328 mirum
1029 2286 1111 2337 est,
1132 2283 1258 2338 quod,
1279 2296 1539 2338 quamquam
1561 2284 1760 2339 Gratiae,

182 2355 221 2401 si
264 2356 381 2412 apud
420 2358 576 2413 poetas
622 2354 783 2412 lyricos
831 2354 1031 2413 singulas
1076 2366 1171 2400 res·
1196 2357 1354 2400 curant
1399 2367 1540 2411 neque
1586 2355 1760 2400 omnino

179 2427 379 2473 laetitiae
411 2428 521 2473 deae
552 2430 667 2482 sunt,
697 2427 931 2483 praecipue
961 2427 1224 2481 venustatis,
1255 2429 1306 2471 ut
1336 2440 1472 2483 supra
1497 2428 1682 2482 ostendi,
1714 2431 1761 2472 et

182 2500 470 2545 amabilitatis
511 2500 726 2545 humanae
773 2501 878 2544 sunt
922 2499 1111 2553 numina,
1158 2499 1423 2545 vocabulum
1467 2499 1597 2557 χάρις
1644 2500 1760 2555 apud

181 2571 356 2616 eosdem
387 2574 543 2627 poetas
575 2571 633 2619 ad
663 2570 830 2615 formae
860 2572 1142 2615 venustatem
1180 2573 1226 2614 et
1267 2571 1401 2614 animi
1442 2571 1760 2616 amabilitatem

181 2629 515 2700 significandam
545 2641 769 2687 rarissime
799 2643 1049 2699 usurpatur,
1080 2654 1174 2687 uno
1200 2642 1370 2687 scilicet
1400 2643 1509 2697 loco,
1541 2643 1615 2687 ubi
1636 2656 1758 2699 repe-

180 2714 351 2759 titionis
382 2714 578 2759 fortasse
610 2727 745 2759 causa
775 2726 873 2758 cum
905 2714 994 2758 alia
1023 2714 1152 2758 huius
1192 2714 1397 2759 vocabuli
1437 2714 1759 2770 significatione

182 2784 485 2842 coniungitur:
