2001 3296
853 233 1148 307 445—

216 395 441 441 Socratem
473 395 720 451 despiciens
751 395 862 439 haec
894 394 1023 439 dicit:
1057 408 1182 450 „mea
1208 395 1381 449 quidem
1412 396 1496 439 hoc
1526 393 1634 438 nihil
1655 393 1788 438 iuter—

216 470 298 522 est,
329 468 409 514 sed
440 467 522 512 tibi
551 466 771 522 respondi,
802 466 917 522 quod
942 465 1136 522 Gorgiae
1167 466 1384 512 laetitiam
1415 478 1575 522 parare
1606 465 1683 520 (cf.
1713 483 1789 522 χα-

214 540 443 596 ρίζεσθαι)
475 538 641 593 cupio.“
780 533 784 537 ’

213 611 327 657 Plat.
358 611 466 656 Tim.
496 624 537 666 p.
568 608 700 655 23D:
762 610 936 667 φθόνος
987 606 1156 661 οὐδείς,
1218 601 1255 652 ὦ
1305 608 1477 660 Σόλων,
1540 606 1661 652 duni
1709 610 1790 653 σοῦ

212 699 261 725 τε
301 685 472 727 ἕνεκα
515 680 601 739 ἐρῶ
641 687 719 724 καῖ
754 684 833 740 τῆς
865 682 1041 733 πόλεως
1070 680 1211 736 ὑμῶν,
1251 682 1450 736 μάλιστα
1484 681 1535 723 δὲ
1565 683 1643 738 τῆς
1672 684 1789 724 θεοῦ

212 755 409 813 χάριν,
450 750 482 812 ἢ
510 753 592 812 τήν
631 770 680 797 τε
709 750 929 813 ὑμετέραν
970 757 1047 797 καὶ
1087 751 1222 811 τήνδε
1263 749 1425 809 ἔλαχεν
1465 757 1543 796 καῖ
1585 749 1788 811 ἔθρεψεν

212 832 288 868 καῖ
329 825 608 868 ἐπαίδευσεν.
645 850 698 856 -
732 826 947 869 Sacerdos
978 825 1226 881 Aegyptius
1268 825 1419 869 Soloni
1458 826 1586 869 dicit:
1632 826 1789 880 „Hanc

211 909 302 941 rem
333 896 416 941 tibi
447 897 649 951 narrabo,
692 896 807 952 quod
838 898 886 942 tu
917 896 984 956 (et
1013 909 1094 952 per
1123 897 1169 940 te
1200 896 1306 941 urbs
1337 894 1435 953 tua)
1476 895 1522 940 id
1553 895 1622 941 vis
1654 899 1788 951 atque

212 969 347 1024 cupis,
378 968 613 1024 praecipue
645 970 792 1013 autem
823 969 937 1024 quod
969 969 1053 1014 dea
1082 970 1236 1013 nostra
1267 971 1322 1013 etv
1343 970 1498 1014 vestra
1527 967 1660 1012 Neith
1691 968 1787 1014 sive

211 1040 414 1085 Minerva
444 1041 530 1085 hac
559 1054 608 1085 re
638 1040 943 1086 laetificatur.“
1610 1037 1612 1039 ’

330 1112 459 1166 Apud
491 1112 804 1157 Callimachum
836 1113 971 1157 semel
1001 1113 1226 1158 invenitur
1257 1112 1475 1168 appositio
1506 1113 1665 1167 χάριν.·

211 1183 251 1228 h.
282 1183 335 1237 V,
367 1181 465 1228 120.
536 1182 738 1229 Minerva
765 1184 839 1228 de
879 1183 1051 1230 'I'iresia
1096 1183 1234 1245 oculis
1280 1183 1454 1238 privato
1500 1196 1596 1227 cum
1643 1186 1784 1228 matre

211 1255 305 1298 eius
336 1255 549 1309 loquitur:

354 1319 390 1370 ὦ
420 1327 575 1386 ἑταίρα,
606 1328 670 1386 τῷ
699 1327 760 1385 μή
791 1343 834 1370 τι
864 1326 1068 1386 μινύρεο·
1100 1326 1215 1386 τῷδε
1245 1325 1332 1385 γάρ
1364 1323 1484 1369 ἄλλα

353 1401 433 1442 τεῦ
462 1400 595 1457 χάριν
624 1400 675 1449 ἐξ
705 1398 871 1454 ἐμέθεν
903 1399 1050 1442 πολλοὶ
1083 1401 1285 1455 μενεῦντι
1316 1405 1438 1457 γέρα.

211 1470 351 1518 Plena
382 1470 718 1527 significationis
749 1470 818 1517 vis
849 1470 1053 1516 sentitur.

328 1543 457 1597 Apud
477 1543 755 1588 Theocritum
785 1543 893 1587 illud
922 1544 1056 1601 χάριν
1087 1543 1374 1598 appositionis
1403 1544 1499 1587 loco
1526 1545 1783 1598 usurpatum

209 1627 295 1659 non
326 1614 562 1661 invenitur.

326 2163 428 2208 Etsi
453 2163 499 2208 in
520 2162 771 2209 uuiversum
802 2162 847 2207 in
869 2163 1084 2209 vocabulo
1104 2163 1234 2222 χάρις
1265 2164 1516 2219 usurpando
1538 2164 1779 2220 scriptores

206 2248 293 2279 non
339 2235 519 2280 multum
564 2234 682 2278 inter
720 2247 769 2279 se
810 2224 1018 2278 differunt
1031 2233 1079 2291 ¹),
1124 2237 1274 2278 tamen
1321 2235 1439 2290 apud
1485 2236 1617 2280 alium
1665 2236 1779 2280 alius

204 2307 332 2350 huius
378 2306 582 2352 vocabuli
627 2318 733 2350 usus
780 2306 1009 2361 praevalet
1054 2318 1196 2360 neque
1241 2308 1404 2351 natura
1445 2307 1625 2352 dearum
1666 2320 1779 2362 quae

205 2377 399 2436 Χάριτες
430 2378 711 2434 appellantur
751 2377 867 2434 apud
907 2390 1056 2422 omnes
1098 2377 1250 2431 eadem
1282 2380 1364 2423 est.
1426 2379 1525 2435 Qua
1556 2379 1610 2423 de
1642 2392 1780 2424 causa

204 2449 314 2494 haec
344 2450 524 2495 numina
552 2449 697 2506 priore
728 2451 856 2506 parte
886 2463 972 2494 non
1003 2449 1199 2505 respexi3
1231 2451 1426 2495 ceterum
1451 2450 1562 2495 deae
1583 2450 1778 2510 Χάριτες

205 2522 251 2563 et
281 2521 607 2567 substantivum
637 2522 766 2579 χάρις
806 2535 893 2566 non
935 2522 1206 2566 secernenda
1242 2524 1368 2576 sunt,
1409 2536 1511 2567 nam
1552 2536 1664 2577 quae
1705 2536 1777 2568 res

325 2663 360 2707 1)
385 2663 556 2709 Exempli
582 2673 698 2699 causa
731 2673 814 2699 eam
848 2663 1028 2699 vocabuli
1055 2661 1165 2711 χάρις
1199 2663 1515 2709 significationem
1550 2675 1595 2700 ex
1630 2676 1705 2711 qua
1738 2666 1774 2701 in

204 2721 331 2768 priore
356 2722 480 2767 eapite
505 2734 615 2759 orsus
641 2734 741 2767 sum,
776 2722 917 2759 factum
950 2721 1161 2759 laetificans
1195 2728 1234 2759 et
1268 2725 1609 2761 remunerationem
1645 2725 1776 2762 laetifi-

205 2783 363 2825 cantem,
390 2781 492 2826 apud
517 2793 648 2819 omnes
674 2783 881 2829 scriptores
905 2783 1066 2819 inveniri
1092 2794 1364 2831 commemorox,
1390 2784 1482 2820 talia
1507 2784 1623 2830 igitur
1647 2785 1685 2820 in
1703 2785 1775 2821 hac

203 2843 312 2887 parte
338 2850 412 2875 non
439 2845 619 2887 repetam.
