2001 3296
839 261 898 269 -
960 212 1137 281 62,’-.

344 363 481 424 ᾤχετο
510 369 592 422 μὲν
624 370 792 418 Πίστις,
823 367 994 424 μεγάλη
1029 368 1159 420 θεός,
1190 366 1326 427 ᾤχετο
1357 368 1398 411 δ’
1432 364 1631 427 ἀνδρῶν’

343 439 635 497 Σωφροσύνη·
668 439 864 495 Χάριτές
895 440 949 489 τ’,
983 433 1017 482 ὦ
1051 440 1164 495 φίλε,
1196 444 1280 499 γῆν
1315 439 1484 485 ἔλιπον.

319 523 544 579 Similique
589 523 763 569 ratione
805 524 993 581 Ariphro
1041 525 1274 582 Sicyonius
1289 524 1324 584 1)
1374 526 1421 571 in
1464 538 1653 582 paeane,
1705 526 1779 582 qui

196 597 401 653 Hygieae
436 597 584 642 factus
614 597 661 641 in
691 597 838 653 lapide
871 598 1081 654 gravibus
1113 611 1210 643 cum
1240 599 1409 645 mendis
1440 598 1679 655 inscriptus
1709 602 1781 644 est

198 668 265 727 (C.
293 671 321 714 1.
342 671 394 715 Α.
415 670 485 714 III
517 668 601 713 171
619 667 654 726 ²)
664 669 696 726 )‚
729 669 825 715 sine
857 670 1111 715 valetudine
1141 671 1359 716 laetitiam
1391 684 1490 718 esse
1520 684 1608 716 non
1648 684 1779 727 posse

195 741 267 785 his
299 741 406 785 dicit
436 741 609 786 verbis:

343 847 352 857 .
385 847 394 857 .
427 848 436 857 .
467 812 580 867 μετοὲ
615 822 728 863 σεῖο,
771 813 976 871 μάκαιρα
1010 812 1174 867 ‘chaa
1190 812 1251 871 3),
1294 815 1466 858 τέθαλε
1496 820 1571 858 καὶ
1604 815 1775 870 λάμπει

994 903 997 907 ·
1374 890 1587 944 Χαρίτων
1620 884 1775 943 ἔαρ·4)

342 948 478 986 σέθεν
511 943 562 986 δὲ
592 949 723 1002 χωρὶς
757 941 874 995 οὔτις
906 942 1136 999 εὐδαίμων
1169 942 1262 1001 ἔφυ.

198 1029 385 1074 Stesich.
408 1029 462 1073 fr.
495 1027 576 1072 37:
607 1028 762 1071 τοιάδε
793 1026 872 1086 χρὴ
907 1033 1121 1086 Χαρίτων
1154 1029 1408 1084 δαμώματα
1442 1029 1728 1086 καλλικόμων

338 1098 496 1155 ὕμνεῐν
532 1100 728 1156 Φρύγιον
759 1100 889 1155 μέλος
920 1099 1186 1158 ἐξευρόντας
1219 1098 1369 1158 οἷβρῶς
1405 1094 1507 1158 ἦρος
1522 1099 1557 1156 ⁵)
1600 1100 1775 1158 ἐπερχο-

1626 1178 1772 1228 μένου.

194 1246 379 1290 Laeta
410 1246 515 1288 sunt
546 1243 742 1288 carmina
761 1244 1005 1300 popularia,
1038 1257 1151 1299 quae
1177 1257 1281 1289 vere
1303 1244 1515 1288 redeunte
1537 1246 1778 1299 canuntur3

193 1318 346 1371 itaque
377 1321 590 1374 Χαρίτων
623 1315 877 1371 δαμώματα
911 1316 1204 1361 nominantur.

313 1400 445 1456 Apud
474 1398 712 1444 Pindarum
742 1399 786 1443 iu
820 1399 1012 1443 carmine
1042 1398 1118 1443 illo
1149 1399 1196 1443 in
1216 1399 1441 1444 Theoxeni
1460 1399 1636 1444 laudem
1656 1399 1777 1444 facto

196 1473 257 1530 (p.
289 1472 366 1529 57)
399 1472 600 1516 Gratiam
639 1471 890 1517 venustatis
933 1475 980 1516 et
1021 1471 1309 1516 amabilitatis
1350 1472 1476 1516 deam
1517 1471 1778 1517 invenimus.

127 1567 129 1569 ·
196 1546 320 1602 Quae
353 1544 607 1589 Gratiarum
639 1546 803 1588 natura
834 1543 950 1600 apud
980 1543 1172 1598 reliquos
1203 1545 1360 1599 poetas
1400 1543 1564 1600 lyricos
1607 1545 1776 1589 creber-

195 1618 308 1661 rima
338 1619 420 1661 est.
479 1616 661 1660 Puellae
692 1616 764 1661 vel
795 1616 920 1671 pueri
949 1617 1142 1661 venusta
1171 1615 1314 1660 forma
1344 1618 1390 1660 et
1422 1616 1599 1660 amabili
1634 1616 1778 1661 animo

196 1688 388 1746 praediti
417 1688 559 1743 iisque
589 1688 829 1734 virtutibus
861 1687 973 1734 alios
1003 1688 1200 1733 homines
1231 1687 1526 1734 laetificantes
1559 1702 1587 1734 a
1607 1687 1777 1734 Gratiis

195 1761 355 1806 nutriti
385 1760 612 1804 dicuntur:

194 1847 291 1890 Alc.
322 1845 379 1890 fr.
412 1843 493 1889 62:
524 1844 679 1902 κόλπῳ
713 1848 753 1885 σ’
785 1843 988 1892 ἐδέξαντ’
1022 1841 1158 1897 ὄὶγναι
1191 1844 1398 1902 Χάριτες,
1435 1848 1597 1902 Κρίνοι.

195 1931 318 1986 Ibyc.
350 1929 404 1974 fr.
437 1928 487 1973 5:
518 1926 741 1986 Εὐρύαλε,
773 1920 1002 1981 γλαυκέων
1036 1930 1248 1983 Χαρίτων
1280 1927 1427 1978 θάλος

337 2020 363 2044 κ
398 2020 424 2043 ÷
459 2019 484 2042 a
520 2019 545 2042 ψ
581 1999 764 2058 (desunt
795 1997 1029 2055 quaedam)

338 2072 628 2126 καλλικόμων
658 2070 903 2127 μελέδημα,
938 2073 986 2112 σὲ
1016 2072 1099 2124 μὲν
1133 2069 1306 2126 Κύπρις

340 2142 372 2186 ἅ
393 2147 433 2186 τ’
457 2142 828 2199 ἀγανοβλέφαρος
850 2141 1009 2183 Πειθώ
1042 2140 1259 2199 ῥοδέοισιν
1290 2140 1339 2183 έν
1373 2138 1537 2183 ἄνθεσι
1570 2144 1773 2199 θρέψαν.
1850 2203 1853 2206 Γ

315 2287 351 2334 1)
377 2286 632 2333 Ariphronem
645 2284 756 2321 huius
770 2283 900 2332 hymni
915 2286 1110 2319 auctorem
1119 2287 1209 2319 'esse
1221 2285 1373 2329 praeter
1386 2283 1550 2329 lapidem
1558 2283 1776 2320 Athenaeus
1796 2289 1799 2291 '

194 2347 332 2393 aliique
366 2349 567 2391 testantur,
604 2345 741 2381 Sextus
778 2343 992 2390 Empiricus
1026 2342 1230 2378 nonnullos
1268 2352 1400 2378 versus
1433 2342 1495 2389 qui
1529 2343 1661 2380 eadem
1694 2343 1775 2380 fere

193 2408 336 2444 habent
361 2407 483 2444 verba
499 2405 695 2453 Licymnio
723 2404 875 2450 tribuit3
903 2403 950 2440 de
968 2401 1250 2439 necessitudine
1267 2413 1363 2449 quae
1380 2403 1478 2440 inter
1495 2403 1590 2441 haec
1609 2404 1776 2441 carmina

193 2468 396 2505 intercedit
418 2466 552 2512 Bergk
576 2466 654 2513 (111,
680 2477 718 2512 p.
736 2464 823 2511 596)
851 2462 1043 2501 disseruit.
1750 2464 1764 2490 ⁰

312 2529 349 2573 2)
375 2528 581 2564 Praeterea
612 2526 661 2562 ab
687 2525 886 2562 Athenaeo
912 2524 985 2560 XV
1010 2535 1047 2570 p.
1068 2523 1137 2560 702
1159 2522 1194 2558 A
1220 2534 1295 2559 non
1329 2524 1443 2571 plane
1474 2525 1607 2562 iisdem
1644 2525 1774 2571 verbis

194 2588 343 2623 citatur.
992 2609 994 2611 -

313 2647 351 2693 3)
374 2645 514 2694 Ὑγιέια
540 2645 705 2692 Ariphro
732 2643 896 2690 scripsit,
924 2642 973 2680 cf.
990 2641 1239 2678 Meisterhans
1265 2654 1301 2690 p.
1318 2643 1365 2679 43
1391 2647 1429 2681 et
1445 2645 1491 2682 39
1518 2646 1551 2690 (ἓ
1568 2645 1650 2692 27);
1676 2644 1775 2691 lapis

193 2708 312 2753 (saec.
337 2718 375 2753 p.
401 2707 487 2744 Chr.
514 2719 550 2743 n.
574 2705 641 2752 ΙΠ)
665 2704 803 2752 Ὑγεία.

312 2767 351 2812 4)
377 2766 426 2804 cf.
452 2777 541 2813 pag.
567 2767 626 2802 58.

313 2826 352 2870 5>
379 2825 427 2863 cf.
452 2835 544 2872 pag.
567 2826 627 2862 58.
