2001 3296
817 244 1115 291 -34-

177 381 248 425 est
288 393 377 436 qua
417 379 456 426 is
498 379 572 435 qui
616 379 711 435 ipse
756 379 976 425 laetitiam
1022 379 1212 438 (χαράν)
1256 379 1442 437 adipisci
1487 380 1585 431 vult
1630 382 1763 427 alium

178 452 335 498 afficit.

297 594 566 645 Vocabulum
617 596 747 653 χάρις
799 595 1051 652 significare
1101 595 1145 640 id
1198 596 1314 651 quod
1363 596 1581 642 laetitiam
1631 599 1764 653 parat

176 680 314 724 supra
375 667 723 712 demonstratum
789 665 883 724 est}
962 667 1120 722 Itaque
1180 667 1365 722 pluralis
1425 669 1626 726 χάριτες,
1688 669 1763 723 qui

176 740 372 798 saepius·
397 740 485 785 iam
525 739 570 784 in
611 738 668 784 iis
710 752 824 795 quae
865 738 1136 785 antecedunt
1173 739 1365 785 occurrit
1403 740 1476 787 vel
1518 740 1762 797 complures

176 811 447 870 significavit
476 824 550 856 res
580 811 901 866 laetificantes,
941 814 992 855 ut
1031 812 1128 855 loco
1164 811 1239 856 illo
1271 812 1571 868 Hippocrateo
1608 812 1668 870 (p.
1700 812 1764 875 3),

176 886 272 941 Iph.
304 885 402 930 Aul.
435 882 552 928 1222
585 882 645 941 (p.
677 882 739 940 4),
781 883 853 929 vel
886 883 1130 939 complures
1162 883 1359 929 rationes
1390 883 1673 940 laetificandi,
1714 888 1764 931 ut

175 957 273 1013 Iph.
303 957 435 1001 Taur.
469 954 585 999 1147
638 954 698 1012 (p.
729 953 808 1012 20)
847 958 908 1004 ,et
958 956 1067 1000 locis
1119 956 1207 1001 illis
1260 970 1284 1000 e
1334 956 1560 1001 Demetrio
1611 958 1764 1013 petitis

176 1027 238 1085 (p.
269 1026 360 1085 30).

295 1099 526 1144 Accedant
557 1099 668 1144 haec
698 1099 922 1155 exempla:

175 1172 302 1217 Pind.
324 1172 373 1217 P.
396 1170 438 1227 3,
458 1170 539 1216 72:
575 1172 641 1230 τῷ
672 1170 753 1229 (sc.
783 1170 968 1216 Hieroni
1000 1169 1204 1228 aegroto)
1234 1174 1317 1228 μὲν
1350 1171 1544 1228 διδύμας
1574 1173 1763 1231 χάριτας

324 1248 367 1286 εἰ
396 1245 598 1295 κατέβαν
628 1241 807 1297 ύγίειαν
839 1241 965 1297 ἄγων
997 1249 1190 1301 χρυσέαν
1222 1245 1375 1299 κῶμόν
1405 1247 1443 1287 τ’
1467 1242 1655 1289 α’έθλων
1676 1249 1761 1289 Πυ-
1832 1270 1835 1271 ’

1428 1319 1549 1359 θίων
1582 1316 1758 1377 αἴγλαν.

174 1386 300 1431 Pind.
330 1387 366 1430 Ι.
399 1386 439 1440 1,
471 1385 512 1431 6.
572 1386 793 1435 Pindarus
826 1387 926 1431 Ceis
959 1400 1135 1431 carmen
1176 1387 1399 1442 pollicitus
1435 1387 1619 1442 primum
1649 1389 1762 1432 'Phe-

174 1457 304 1504 banis
346 1470 522 1503 carmen
565 1456 677 1503 facit
718 1457 992 1514 alterumque
1034 1470 1211 1503 carmen
1243 1457 1342 1503 Ceis
1383 1460 1541 1514 postea
1580 1471 1629 1504 se
1665 1472 1761 1515 per—

175 1529 394 1574 fecturum
426 1543 526 1575 esse
557 1530 797 1585 promittit:

323 1596 584 1660 οἷμφοτέρων
614 1618 682 1644 τοι
713 1608 910 1660 χαρίτων
943 1600 1025 1645 σύν
1056 1604 1182 1653 θεοῖς
1216 1601 1354 1653 ζεύξω
1387 1600 1523 1653 τέλος.

176 1674 353 1731 χάριτες
399 1675 511 1718 haec
556 1674 753 1718 carmina
799 1674 1102 1729 appellantur,
1149 1674 1265 1727 quod
1310 1687 1390 1728 per
1435 1687 1489 1717 ea
1529 1675 1759 1731 χαρίζεται

176 1747 331 1802 poeta;
375 1743 432 1791 cf.
465 1744 623 1791 schol.:
672 1741 933 1803 ἀμφοτέρων
964 1746 1053 1789 τῶν
1084 1751 1279 1804 χαρίτων
1311 1744 1363 1787 τὸ
1396 1744 1519 1797 τέλος
1551 1745 1760 1796 συζεύξω,

175 1818 290 1859 καθ’
322 1814 380 1873 ἦν
410 1833 459 1858 τε
491 1822 558 1858 σοῖ
590 1822 822 1874 χαριστέον
854 1815 945 1858 ἐστὶ
978 1822 1055 1859 καὶ
1087 1818 1201 1859 καθ’
1232 1815 1289 1873 ἢν
1320 1820 1375 1880 τῇ
1407 1817 1604 1874 πατρίδι.

174 1888 282 1934 Eur.
314 1888 474 1933 Troad.
507 1885 647 1933 1109:
678 1887 842 1947 χρύσεα
877 1886 915 1930 δ’
949 1884 1159 1945 ἔνοπτρα,
1193 1891 1444 1945 παρθένων

318 1960 523 2018 χάριτας,
557 1957 719 2014 ἔχουσα
751 1960 962 2014 τυγχάνει
994 1959 1103 2010 Διὸς
1136 1960 1248 2017 κόρα
1284 1959 1510 2016 (Helena).

177 2045 319 2086 „quae
351 2031 509 2087 puellis
541 2031 759 2076 laetitiam
789 2031 995 2086 parant“.

173 2105 249 2148 Ar.
280 2102 402 2147 Ecel.
434 2100 546 2147 582:

319 2173 421 2218 ἀλλ’
441 2172 492 2218 ου’
512 2174 705 2230 μέλλειν,
741 2171 840 2217 ἄλλ’
860 2170 1097 2217 ἅπτεσθαι
1119 2178 1197 2235 καὶ
1219 2173 1273 2231 δή
1296 2173 1376 2233 χρή
1399 2184 1499 2226 ταῖς
1521 2173 1758 2227 διανοίαις,

319 2244 378 2299 οἷς
418 2246 470 2290 τό
514 2247 727 2303 ταχύνειν
767 2254 964 2306 χαρίτων
1009 2251 1181 2302 μετέχει
1224 2245 1430 2289 πλεῖστον
1472 2246 1599 2304 παροὶ
1646 2257 1766 2290 τοῖσι.

1545 2323 1756 2372 θεαταῖς.

172 2391 250 2436 Ar.
281 2391 394 2436 Rau.
425 2389 536 2435 335:
568 2394 737 2450 θρασεῖ
766 2390 808 2434 δ’
841 2389 1185 2448 ἐγκατακρούων

319 2462 426 2506 ποδὶ
456 2463 545 2507 τοέν
578 2461 833 2507 α’κόλαστον

318 2534 654 2591 φιλοπαίγμονα
686 2535 840 2591 τιμάν,

317 2614 514 2665 χαρίτων
546 2607 753 2651 πλεῖστον
785 2604 976 2663 ἔχουσαν
1007 2611 1149 2664 μέρος,
1184 2604 1346 2661 οἷγνοὶν,
1382 2605 1519 2659 ὅσίοις

314 2678 429 2733 μετοέ
461 2678 673 2733 μύσταισι
705 2686 896 2737 χορείαν.
928 2688 930 2690 ’

172 2750 287 2794 ΙΠιιᾱ
312 2749 675 2806 ῃ9οιλιιποιίγμονοι
707 2750 872 2805 ‘tantist
906 2762 987 2806 per
1012 2749 1329 2806 appositionem
1360 2749 1607 2806 explicatur
1628 2761 1758 2794 voca-

173 2822 274 2867 bulo
326 2830 506 2881 χορείαν
516 2842 531 2876 ,·
583 2823 695 2869 haec
744 2830 895 2881 χορεία
949 2822 1182 2868 maximam
1232 2835 1378 2868 rerum
1423 2819 1757 2868 laetificantium
