2001 3296
833 222 1129 269 -79-

147 355 149 358 ”
190 362 345 409 ‚turum
365 369 467 406 esse
497 355 581 400 σῦν
612 360 810 407 Μυίσαις
851 357 985 412 poeta
1026 356 1190 411 sperat.
1251 355 1318 399 In.
1336 355 1532 402 extremo
1574 353 1768 399 carmine
1845 397 1850 403 ,

190 429 309 478 redit
338 428 397 476 ad
427 427 633 473 Gratiasz
796 432 801 437 “

187 512 248 570 (v.
281 510 397 568 104')
420 504 456 554 οῗ
486 509 738 554 Ἐτεόκλειοι
753 510 789 568 1)
820 512 1015 570 Χάριτες
1046 514 1172 561 θεαί,
1206 504 1242 553 αἶ
1272 510 1495 554 Μινύειον

330 581 591 641 Ὀρχομενόν
621 583 842 639 φιλέοισαι
876 581 1205 638 οἷπεχθόμενόν
1237 597 1344 625 ποτε
1379 582 1568 639 Θήβαις,

330 651 517 712 ἄκλητος
547 658 631 711 μὲν
654 653 796 710 ἔγωγε
825 661 1008 712 μένοιμί
1033 670 1121 706 κεν,
1154 653 1199 706 ἐς
1231 654 1282 697 δὲ
1313 654 1571 697 καλεύντων

328 726 568 784 θαρσήσας
599 731 820 775 Μοίσαισι
851 726 938 770 στὶν
967 724 1256 784 οἱμετέραισιν
1288 728 1396 781 ἴοιμ’
1428 723 1500 769 ἄν.

328 797 562 855 καλλείψω
595 797 638 841 δ’
670 796 767 841 οὐδ’
798 795 940 853 ὔμμε·
970 804 1020 840 τί
1043 796 1132 855 γοὲρ
1163 801 1377 855 Χαρίτων
1408 795 1659 850 οἷγαπατόν

330 866 596 927 ἅνθριίποις
629 867 977 926 οἷποὶνευθενῗ);
1008 867 1082 912 αέῖ
1113 868 1382 926 Χαρίτεσσιν
1414 865 1494 922 ἅμ’
1513 869 1619 924 εἴην.

184 951 515 998 Ati-Hieronem
533 955 769 999 venturus·
792 954 863 998 est
894 964 991 998 cum
1021 951 1175 1005 Musis,
1207 951 1234 997 i.
1257 965 1294 997 e.
1324 950 1477 998 veniet
1504 954 1551 996 et
1572 951 1769 997 carmina

141 1056 143 1058 ·
186 1023 336 1070 faciet.
397 1024 548 1080 Neque
595 1025 776 1070 Gratias
827 1024 1058 1080 relinquet,
1099 1025 1127 1069 i.
1169 1038 1206 1069 e.
1247 1024 1359 1069 talia
1399 1023 1537 1068 faciet
1567 1017 1788 1069 carmina*

186 1095 346 1150 quibus
377 1095 419 1140 ei
449 1096 520 1140 cui
550 1096 675 1141 facta
704 1099 808 1141 sunt
834 1106 1069 1155 χαριεῖται.
1124 1097 1237 1151 Nam
1266 1095 1354 1141 nisi
1375 1094 1560 1140 Gratiae
1592 1095 1767 1150 adsunt,

185 1164 296 1211 m'hil
327 1191 382 1198 —
414 1179 555 1222 neque
579 1167 718 1227 igitur
738 1168 965 1213 Musarum
996 1181 1131 1224 opera
1147 1192 1208 1224 ¹-
1229 1167 1477 1212 hominibus
1508 1169 1685 1223 gratum
1719 1170 1764 1212 et

186 1239 421 1284 iucundum
463 1242 544 1284 est.
614 1241 771 1285 Musae
811 1240 950 1297 igitur
988 1243 1036 1284 et
1075 1240 1274 1295 Gratiae,
1316 1252 1427 1295 quas
1464 1239 1614 1284 multis
1648 1239 1765 1284 ‘locis

190 1310 447 1356 coniunctas
477 1311 735 1368 invenimus,
767 1313 851 1357 hoc
880 1313 974 1357 loco
1012 1312 1079 1358 ita
1109 1312 1444 1366 distribuuntur,
1484 1313 1536 1356 ut
1565 1311 1765 1365 Gratiae,

187 1395 371 1437 quarum
400 1396 581 1429 munera
609 1385 693 1429 hoc
725 1384 917 1429 carmine
947 1383 1157 1440 imprimis
1194 1383 1503 1439 respiciuntur,
1545 1384 1603 1428 ad
1634 1383 1763 1428 finem

182 1454 320 1501 totius
349 1457 571 1512 ponantur
602 1456 819 1502 carminis.
886 1457 1131 1502 Praeterea
1170 1459 1313 1512 poeta
1343 1469 1422 1512 per
1462 1457 1545 1501 has
1577 1455 1761 1501 Gratias

186 1528 417 1584 eleganter
456 1528 697 1576 ,Hieronem
743 1529 972 1583 admonet,
1028 1531 1079 1573 ut
1134 1529 1173 1573 si
1201 1530 1300 1573 ··has
1347 1530 1505 1584 poetae
1553 1528 1759 1587 Χάριτας

186 1599 378 1655 recipiat
406 1600 522 1644 ultro
553 1598 742 1658 χάριτας
773 1599 950 1660 referat·
973 1602 1145 1656 poetae.

306 1800 399 1849 l'loc
421 1803 560 1847 altero
593 1803 792 1857 opusculi
808 1803 959 1859 capite
986 1798 1098 1848 haec
1119 1806 1359 1859 apparent:
1391 1804 1631 1848 Gratiae
1662 1818 1687 1847 e
1701 1817 1764 1848 ae

184 1875 325 1919 deae
361 1876 501 1919 >sunt
542 1887 708 1930 quae,
749 1876 811 1919 ut
850 1888 1048 1920 nomen
1090 1887 1310 1930 quoque
1348 1888 1538 1920 earum
1570 1876 1762 1930 docet,

184 1946 511 1991 hominibus
558 1946 743 1991 omnia
790 1960 854 1992 ea
899 1947 1235 2004 largiuntur
1285 1947 1487 2002 quibus
1532 1947 1764 1992 laetifi-

183 2022 400 2064 cantur.
477 2019 595 2067 Seii
632 2032 748 2064 cum
799 2020 940 2065 haec
990 2022 1206 2065 natura
1256 2019 1484 2065 dearum
1536 2020 1592 2065 in
1638 2020 1763 2065 uni-

181 2103 409 2135 versum
438 2090 886 2135 laetificantium
929 2092 1139 2137 nimium
1176 2092 1447 2148 generalis
1478 2105 1764 2147 parumque

180 2162 408 2208 definita
450 2165 597 2208 esset
637 2165 689 2208 et
720 2163 876 2209 varia
916 2177 1086 2209 rerum
1127 2163 1547 2210 laetificantium
1580 2166 1765 2209 essent

181 2248 397 2290 genera,
428 2235 624 2279 factum
656 2237 754 2289 est,
786 2238 842 2279 ut
874 2236 997 2280 aliis
1029 2236 1350 2291 temporibus
1383 2241 1435 2280 et
1466 2236 1602 2291 apud
1628 2237 1763 2280 alios

181 2310 372 2362 poetas
420 2306 581 2361 aliae,
626 2308 682 2352 ut
727 2306 806 2352 ita
852 2307 1038 2362 dicam,
1085 2309 1271 2363 partes
1319 2310 1541 2354 naturae
1588 2320 1763 2352 earum

181 2379 561 2433 praevalerent
620 2381 837 2433 praeter
896 2380 1043 2424 hanc
1102 2378 1461 2427 universalem
1522 2383 1763 2424 nat-uram

180 2448 365 2505 ipsam,
396 2462 529 2506 quae
560 2462 776 2505 semper
806 2452 1049 2497 servata
1079 2452 1180 2496 est.

301 2615 338 2661 1)
363 2615 505 2652 schol.:
542 2614 756 2654 Ἐτεοκλέους
792 2618 996 2663 θυγατέρας
1026 2616 1094 2662 ἔφη
1128 2614 1189 2655 τάς
1215 2614 1395 2663 Χάριτας,
1434 2615 1495 2651 διαὶ
1521 2615 1558 2651 τὸ
1585 2615 1762 2652 Ἐτεοκλέα

142 2704 145 2707 ,
184 2671 246 2707 τὸν
257 2677 427 2720 Κηφισοῦ
452 2679 592 2722 πρῶτον
616 2673 800 2714 ἀποθῦσαι
817 2673 978 2722 Χάρισιν
1001 2675 1042 2710 ἐν
1056 2674 1258 2724 Ὀρχομενῷ
1283 2678 1331 2724 τῷ
1349 2680 1521 2724 Μινυείῳ.
1550 2676 1599 2713 ef.
1613 2677 1763 2712 Pausan

181 2730 245 2776 IX,
269 2733 328 2778 35,
356 2736 389 2771 1.

298 2804 337 2848 2)
363 2805 411 2841 cf.
438 2795 594 2846 Gratias,
613 2806 965 2851 ,consummatrices,
987 2818 1025 2853 p.
1051 2808 1110 2844 26.
