2001 3296
850 259 1023 305 -42
1085 286 1145 294 --

348 393 436 437 σάν
467 410 514 436 τε
544 392 693 451 χάριν,
726 392 931 443 Διόνυσε,
965 398 1041 435 καὶ
1074 390 1256 447 α’γλαόν
1290 390 1419 437 ἄστει
1445 391 1612 448 κόσμον

350 465 601 515 Θεσσαλίας
632 468 680 520 μ’
712 462 907 522 άνέθηκ’
938 462 1087 522 αρχδς
1109 462 1428 523 Ἐχεκρατίδας.

323 543 511 605 Saepius
562 548 618 593 ad
669 550 810 593 totam
861 547 1128 594 sententiam
1180 547 1416 631 apponitur
1465 547 1543 606 (of.
1574 548 1783 594 Latinum

206 620 407 677 „gratia“
411 618 452 676 ):

202 693 309 738 Eur.
340 693 435 749 Iph.
465 692 566 736 Aul.
597 690 677 736 84:
710 689 828 747 κάμὲ
859 700 1118 750 στρατηγεῖν
1151 691 1266 749 δῆτα
1299 692 1514 737 Μενέλεω
1544 691 1680 750 χάριν

345 764 529 815 εἵλοντο,
562 764 782 818 σύγγονόν
812 781 873 818 γε.

200 837 308 882 Eur.
341 837 436 892 Iph.
467 836 599 881 Taur.
632 834 772 881 1444:
802 833 886 894 ἤδη
921 835 1150 880 Ποσειδῶν
1181 836 1315 895 χάριν
1345 835 1458 894 ἐμήν
1491 835 1696 892 οἷκύμονα

347 908 517 951 πόντου
547 912 703 965 τίθησι
736 910 870 951 νῶτα.

201 981 316 1026 Plat.
337 980 471 1037 Hipp.'
490 979 591 1025 mai.
613 993 653 1036 p.
674 977 836 1036 2913:
867 978 946 1036 ἐμὲ
978 972 1060 1024 οὖν
1093 979 1364 1038 προδίδασκε
1395 985 1471 1023 καὶ
1502 978 1617 1038 ἐμήν
1649 979 1782 1039 χάριν
1837 1002 1840 1005 ·

203 1051 460 1111 οἷποκρίνου.
1320 1047 1322 1049 ¹

320 1124 408 1168 I-Iio
435 1124 720 1169 aecusativus
752 1137 850 1168 eum
871 1125 1025 1168 crebro
1058 1124 1124 1168 ita
1144 1127 1434 1179 usurparetur
1452 1123 1616 1168 inflexa
1636 1126 1783 1178 atque,

201 1198 251 1241 ut
280 1195 347 1240 ita
377 1195 533 1250 dicam,
570 1194 717 1252 rigida
748 1195 891 1240 forma
921 1195 1069 1241 factus
1101 1197 1193 1250 est3
1234 1194 1289 1240 cf.
1323 1194 1567 1251 πρόφασιν,
1598 1194 1780 1253 τρόπον.

201 1280 309 1324 Eur.
340 1279 490 1335 Suppl.
523 1278 632 1322 125:
679 1278 931 1335 σύμβουλον
963 1272 1043 1322 οὖν
1073 1282 1121 1333 μ’
1151 1278 1379 1335 ἐπῆλθες,
1414 1276 1445 1335 ἢ
1474 1284 1592 1328 τίνος
1623 1277 1782 1336 χάριν,-

201 1352 277 1396 Ar.
294 1352 403 1396 Aah.
422 1350 562 1395 1232:
594 1355 702 1394 AIK
713 1370 725 1394 .·
757 1353 935 1395 ἕπεσθέ
950 1368 1031 1395 νυν
1046 1347 1230 1410 ᾄδοντες
1252 1344 1288 1394 οῗ
1303 1350 1496 1408 τήνελλα
1514 1350 1778 1404 καλλίνικος.

345 1426 457 1465 ΧΟ.·
490 1420 595 1465 ἄλλ’
626 1422 876 1480 ἑψόμεσθα
909 1421 995 1480 σήν
1025 1421 1160 1480 χάριν

344 1494 539 1551 τήνελλα
572 1494 830 1538 καλλίνικον
860 1491 1056 1552 ᾅδοντες.

319 1578 487 1622 Tamen
517 1576 790 1622 laetificandi
820 1576 941 1622 notio
972 1577 1106 1633 plena
1136 1577 1181 1622 vi
1213 1577 1406 1622 sentitur
1436 1578 1493 1622 ab
1523 1577 1579 1622 iis
1610 1578 1783 1633 quidem

201 1662 310 1703 quos
352 1650 434 1693 hoo
475 1649 684 1704 opusculo
726 1649 913 1704 respicio
956 1649 1266 1704 scriptoribus,
1308 1649 1394 1693 etsi
1435 1650 1634 1694 omnibus
1674 1650 1783 1694 locis

201 1719 272 1780 (ut
312 1720 358 1765 in
399 1719 695 1766 locutionibus
732 1719 892 1764 τούτου
923 1719 1071 1779 χάριν,
1115 1712 1177 1764 ὧν
1208 1720 1363 1780 χάριν)
1403 1719 1449 1765 id
1489 1720 1783 1766 demonstrari

201 1807 289 1837 non
320 1796 481 1849 potest.

321 1876 486 1921 Rarius
518 1876 629 1921 haec
661 1875 880 1932 appositio
907 1876 1132 1922 invenitur
1162 1876 1279 1932 apud
1309 1878 1466 1932 poetas
1492 1877 1783 1924 vetustiores:

320 1948 452 2004 Apud
483 1949 723 1993 Homerum
753 1960 839 1993 uno
871 1948 990 1992 loeo:
1629 1945 1631 1947 ’

199 2020 250 2066 Il.
284 2019 354 2075 15,
386 2018 496 2065 744:
530 2016 580 2072 ὅς
610 2036 677 2071 τις
709 2019 761 2063 δὲ
795 2019 961 2079 Τρώων
991 2020 1138 2085 κοίλῃς
1169 2019 1246 2064 ἐπὶ
1279 2026 1405 2078 νηυσὶ
1437 2026 1611 2079 φέροιτο

345 2091 429 2136 σῦν
461 2097 567 2150 πυρὶ
599 2092 773 2150 κηλείω,
805 2092 940 2151 χάριν
959 2089 1161 2151 ’Έκτορος
1195 2091 1480 2151 ότρύναντος,

343 2180 426 2207 τον
459 2163 501 2206 δ’
523 2165 645 2215 Αἴας
677 2160 881 2214 ουτασκε,

201 2236 276 2281 ubi
306 2237 457 2281 eodem
489 2249 623 2281 sensu
645 2235 882 2292 apponitur
902 2238 1036 2291 atque
1062 2236 1109 2281 in
1129 2236 1350 2281 locutione
1370 2236 1505 2295 χάριν
1537 2243 1700 2296 φέρειν,
1733 2239 1783 2282 ut

201 2309 252 2353 Il.
284 2308 324 2363 5,
355 2307 464 2353 2113
500 2325 575 2352 οτε
597 2305 732 2353 Ἴλιον
762 2310 825 2360 εἰς
855 2307 1090 2367 ἐρατεινήν

346 2379 543 2437 ἡγεόμην
578 2381 787 2438 Τρώεσσι,
820 2387 967 2437 φέρων
998 2380 1133 2438 χάριν
1153 2378 1325 2439 ’Έκτορι
1358 2381 1450 2439 δίῳ.

323 2465 452 2520 Apud
481 2464 721 2510 Pindarum
743 2463 952 2521 xquinque
989 2463 1098 2510 locis
1129 2463 1264 2523 χάριν
1296 2464 1499 2511 absolute
1531 2464 1778 2522 apponitur.

200 2539 427 2593 Quantum
458 2537 598 2590 absit,
637 2539 689 2580 ut
718 2537 829 2581 haec
860 2537 1004 2581 forma
1032 2537 1120 2582 iam
1153 2538 1271 2593 apud
1302 2551 1399 2582 eum
1430 2537 1611 2594 figida,·
1636 2539 1687 2581 ut
1716 2536 1783 2596 ita

200 2608 368 2661 dicam,
410 2606 535 2652 faeta
574 2607 635 2652 sit
675 2610 722 2652 et
763 2621 860 2653 cum
901 2610 1022 2653 certo
1055 2608 1349 2665 coniungatur
1390 2621 1519 2660 casu.
1561 2621 1619 2653 ex
1648 2620 1704 2652 ea
1732 2620 1781 2652 re

200 2679 506 2737 cognoscitur,
547 2680 662 2734 quod
690 2680 737 2724 P.
769 2679 838 2735 11,
871 2679 928 2725 12
960 2683 1007 2726 et
1037 2680 1088 2726 Ο.
1121 2680 1161 2735 7,
1194 2680 1222 2725 5
1263 2680 1337 2726 ille
1379 2680 1662 2726 accusativus
1693 2691 1780 2724 non

199 2766 298 2799 cum
343 2751 576 2810 genetivo,
623 2754 673 2796 ut
716 2756 873 2808 postea
918 2751 1025 2810 (nisi
1070 2766 1307 2809 pronomen
1354 2753 1543 2799 adicitur
1585 2752 1657 2797 vel
1704 2751 1779 2797 ad-

198 2823 442 2883 motivum),
474 2824 554 2870 sed
585 2837 683 2870 oum
714 2823 864 2870 dativo
896 2825 1179 2883 coniungitur
1191 2843 1208 2883 z,
