2001 3296
867 241 1166 287 —53-

227 377 382 434 quibus
430 376 545 419 hanc
589 375 796 419 naturam.
843 373 1025 420 dearum
1074 373 1213 421 vitam
1260 373 1567 420 exornantium
1614 373 1801 419 Gratiae

226 449 458 499 habebant,
501 458 607 510 ⁴cum
657 445 725 494 his
776 445 1158 503 coniungebantur
1206 446 1435 493 vocabulis
1496 445 1801 503 respiciendae

225 523 341 582 sunt.
419 517 605 568 Accedit
651 518 766 572 quod
811 517 980 563 Gratiis
1031 518 1119 579 illis
1171 514 1419 564 fertilitatis
1470 519 1639 563 deabus
1690 520 1802 563 haec

225 590 401 637 nomina
430 589 637 646 imposita
667 602 767 644 esse
798 603 886 635 non
918 589 1217 647 comperimus,
1257 604 1520 647 quamquam
1552 590 1801 642 Pausanias

224 665 377 707 harum
407 660 661 705 Gratiarum
703 662 926 723 complura
955 663 1152 716 nomina,
1194 676 1306 718 quae
1336 663 1382 707 in
1414 662 1515 708 aliis
1546 662 1800 719 regionibus

225 734 341 779 aliae
382 734 531 786 erant,
577 732 790 779 servavit.
849 733 1091 779 Praeterea
1130 734 1292 791 Aglaia
1331 736 1379 780 et
1419 730 1580 780 Thalia
1621 734 1662 779 si
1703 747 1800 779 cnm

224 804 456 851 fertilitate
488 804 812 870 coniunguntur
852 807 909 850 ab
940 806 1253 863 Euphrosyne,
1273 863 1275 866 Ι
1295 807 1365 851 cui
1405 807 1517 851 haec
1559 805 1680 851 notio
1713 819 1800 851 non

222 878 361 931 inest,
408 878 708 921 secernuntur.
780 877 937 933 Itaque
982 878 1094 922 haec
1139 878 1316 923 nomina
1361 877 1532 923 Gratiis
1579 877 1800 923 attributa

224 952 328 995 sunt
374 950 430 993 ab
475 948 529 992 iis
577 949 694 1004 apud
740 963 847 1004 quos
894 950 1004 995 deae
1048 953 1255 995 naturam
1300 950 1439 996 vitam
1489 950 1799 995 exornantium

224 1023 502 1077 acceperunt.

342 1149 485 1199 Primo
517 1166 614 1199 eam
645 1153 968 1198 consideremus
1000 1153 1256 1198 Gratiarum
1293 1155 1497 1199 naturam
1535 1166 1649 1208 quae
1680 1154 1799 1210 apud

222 1224 460 1268 Pindarum
483 1219 485 1221 ’
511 1227 691 1280 propter
733 1225 876 1280 ipsam
921 1228 1125 1269 naturam
1177 1225 1416 1273 carminum
1468 1228 1602 1279 atque
1649 1238 1797 1269 eorum

222 1295 439 1347 hominum
472 1296 629 1351 quibus
660 1297 770 1342 haec
801 1296 998 1342 carmina
1028 1295 1153 1342 facta
1183 1298 1288 1341 sunt
1317 1296 1561 1352 praevalet.
1618 1296 1799 1342 Nobiles

222 1368 321 1413 illos
358 1369 619 1424 plerumque·
640 1369 906 1414 Doricenses
948 1368 1158 1425 regioque
1198 1381 1284 1413 non
1325 1382 1427 1413 raro
1468 1381 1633 1424 genere
1674 1373 1796 1414 ortos

222 1432 465 1491 certamina
493 1441 710 1487 iuvabant
741 1443 788 1486 et
807 1440 1093 1487 victoriarum
1123 1440 1191 1486 his
1224 1439 1537 1486 certaminibus
1568 1442 1796 1497 partarum

177 1511 180 1513 ’
221 1513 364 1568 gloria
394 1516 440 1556 et
470 1505 722 1558 celebratio.
784 1514 952 1558 Eodem
983 1513 1156 1558 nomine
1182 1517 1396 1570 Χαρίτων
1426 1514 1542 1558 tales
1572 1513 1659 1559 viri
1690 1514 1797 1558 deas

221 1583 421 1628 laetitiae
462 1584 705 1629 effectrices
748 1584 1052 1640 appellabant,
1095 1584 1174 1629 sed
1216 1582 1315 1628 cum
1354 1583 1529 1629 laetitia
1568 1584 1668 1640 ipsa
1709 1583 1800 1632 alia

221 1655 363 1711 esset,
405 1656 625 1700 numinum
666 1669 837 1711 quoque
879 1659 1043 1700 natura
1082 1655 1172 1700 alia
1212 1656 1340 1700 facta
1380 1658 1461 1700 est.
1534 1656 1623 1700 Sed
1654 1681 1708 1687 —-
1742 1665 1798 1700 ne

221 1727 335 1772 falso
367 1729 476 1772 haec
506 1727 814 1783 intelligantur
843 1752 902 1759 -—
933 1740 1022 1771 non
1052 1727 1257 1772 diversae
1288 1728 1398 1772 deae
1429 1729 1555 1782 sunt,
1597 1728 1678 1772 sed
1708 1727 1799 1771 alia

221 1800 436 1854 quaedam
475 1812 581 1854 pars
612 1793 818 1844 notionis
836 1802 1020 1854 superat
1050 1798 1223 1843 nomine
1260 1810 1409 1843 earum
1442 1799 1797 1855 comprehensae.

218 1872 331 1917 Nam
381 1871 496 1917 aliae
547 1881 718 1927 quoque
769 1869 971 1916 notiones
1023 1883 1120 1916 cum
1171 1869 1341 1915 Gratiis
1393 1869 1642 1928 Pindaricis
1694 1883 1797 1916 con-

220 1941 484 2000 iunguntur,
525 1945 574 1988 ut
605 1956 740 1999 supra
770 1941 831 2000 (p.
864 1941 942 2000 47)
973 1942 1059 1999 frg.
1090 1941 1147 1987 95
1180 1942 1536 1997 commemoravi;
1579 1945 1625 1987 et
1664 1945 1799 1999 poeta

224 2029 320 2059 cum
367 2029 395 2060 a
435 2014 603 2059 Gratiis
650 2009 912 2059 Orchomeni
958 2014 1089 2059 cultis
1135 2025 1312 2059 carmen
1358 2013 1429 2071 (Ο.
1463 2013 1539 2071 14)
1570 2014 1798 2070 inciperet,

221 2089 426 2133 naturam
457 2099 607 2132 earum
637 2088 807 2131 mutare
846 2099 933 2131 non
964 2085 1109 2142 potuit
1141 2086 1219 2131 sed
1232 2121 1242 2141 ,
1283 2088 1334 2131 ut
1373 2085 1439 2130 ita
1481 2085 1646 2141 dicam,
1688 2086 1797 2131 dila-

219 2159 357 2214 tavit,
399 2162 446 2204 et
475 2158 662 2203 inseruit
698 2171 811 2213 quae
843 2172 871 2203 a
900 2158 1094 2215 genuina
1125 2158 1378 2203 Gratiarum
1410 2158 1797 2204 Orchomeniarum

220 2233 382 2275 natura
411 2230 612 2287 primitus
634 2229 781 2274 aliena
801 2232 943 2283 erant,
973 2229 1235 2284 nominaque
1255 2228 1311 2273 iis
1333 2228 1540 2274 attribuit
1559 2229 1797 2275 Hesiodea.

218 2303 272 2347 In
293 2304 375 2347 hoc
395 2302 577 2349 Pindari
608 2301 800 2347 carmine
814 2299 849 2358 1)
871 2301 1058 2346 Gratiae
1089 2301 1372 2353 celebrantur
1401 2301 1513 2346 duas
1535 2303 1591 2347 ob
1613 2316 1798 2348 causas:

219 2373 402 2419 victoris
432 2373 591 2430 patria,
622 2373 938 2427 OrchomenuS,
975 2372 1230 2418 Gratiarum
1262 2373 1369 2418 urbs
1401 2375 1492 2427 est,
1533 2376 1580 2418 et
1610 2374 1797 2419 Gratiae

220 2444 336 2500 apud
361 2446 599 2490 Pindarum
630 2458 764 2500 saepe
795 2444 1080 2490 victoriarum
1108 2444 1445 2489 laetificantium
1476 2446 1587 2490 deae
1619 2449 1724 2490 sunt
1738 2445 1797 2502 ²);

341 2589 377 2633 1)
401 2589 557 2635 Incipitz
583 2593 777 2635 Καφισίων
801 2586 942 2623 ὑδάτων
966 2589 1132 2634 λαχοῖσαι
1157 2593 1217 2622 ταί
1238 2601 1274 2623 τε
1295 2576 1415 2623 ’ναίετε
1439 2589 1664 2624 καλλίπωλον
1685 2589 1797 2635 ἕδραν

362 2644 391 2683 ὦ
415 2649 568 2697 λιπαρᾶς
593 2647 757 2697 ἀοίδιμοι
780 2649 961 2695 βασίλειαι

361 2707 515 2755 Χάριτες
538 2707 764 2757 Ἐρχομενοῦ,
789 2707 1022 2756 παλαιγόνων
1047 2711 1194 2743 Μινυᾶν
1218 2708 1413 2751 ἐπίσκοποι,

361 2769 468 2811 κλῦτ’,
492 2769 567 2804 ἐπεὶ
592 2769 758 2818 εὔχομαι.

340 2828 377 2872 2)
404 2838 479 2874 qua
505 2829 553 2865 de
578 2839 619 2866 re
644 2829 756 2867 infra.
