2001 3296
855 229 922 253 .-
980 169 1159 249 55-

343 338 526 386 Gratiae
558 349 764 382 coronam
793 335 953 382 victori
985 335 1196 381 afferunt:

225 415 275 459 Ο.
307 412 348 466 2,
379 409 459 455 50:
489 407 706 466 Ὀλυμπίᾳ
737 411 820 464 μὲν
850 408 938 466 γάρ
971 405 1111 459 αύτός
1143 405 1326 465 (Thero)

324 534 327 538 .
364 488 497 539 γέρας
530 478 691 531 ἔδεκτο,
724 483 916 524 Πυθῶνι
949 480 988 523 δ’
1024 477 1278 537 ὁμόκλαρον
1309 479 1354 531 ἐς
1387 477 1610 536 οἷδελφεὸν

367 552 537 609 Ἰσθμοῖ
579 569 626 595 τε
673 558 818 596 κοιναὶ
860 552 1054 610 Χάριτες
1102 549 1256 595 ἄνθεα
1298 556 1567 610 τεθρίππων
1610 551 1794 604 δυωκαι-

1505 623 1795 682 δεκαδρόμων

368 682 552 740 ἄγαγον,

223 759 298 805 ubi
328 758 462 803 schol.
493 756 570 815 (89
583 756 626 814 c)
668 771 756 802 non
796 757 908 803 satis
950 759 1182 803 accurate·
1229 760 1278 800 αἱ
1310 757 1503 816 Χάριτες
1549 759 1626 815 τῆς
1673 764 1795 815 νίκης

222 834 300 888 τῆς
330 829 379 873 ἐν
410 832 472 872 w3
502 833 754 887 τεθρίππῳ.
791 854 844 862 —-
876 829 990 874 Aliis
1021 842 1191 884 quoque
1222 829 1331 874 locis
1363 829 1532 873 scholia
1558 828 1797 874 Pindarica

223 901 414 957 speciem
443 903 617 946 tantum
646 900 889 956 respiciunt
918 903 965 945 et
988 901 1195 959 Χάριτας
1225 903 1303 958 τῆς
1334 908 1457 958 νίκης
1488 901 1559 946 vel
1579 900 1795 956 μουσικᾶς

222 969 428 1031 Χάριτας
459 972 545 1017 Sibi
573 972 758 1029 fingunt.

340 1056 557 1113 Imprimis
589 1056 785 1101 carmina
825 1058 983 1101 curant
1018 1069 1131 1111 quae
1161 1056 1207 1101 in
1237 1057 1443 1102 honorem
1475 1055 1659 1102 victoris
1690 1069 1794 1102 can-

222 1130 321 1174 tata
350 1128 596 1173 laetificant
625 1128 860 1173 victorem-z

223 1202 273 1246 Ο.
295 1200 336 1255 ’7,
358 1200 437 1245 11:
471 1198 628 1243 ἄλλοτε
651 1200 692 1242 δ’
709 1198 848 1243 ἄλλον
868 1200 1107 1243 ἐποπτεύει
1129 1197 1275 1256 Χάρις
1298 1201 1557 1256 ζωθάλμιος
1579 1199 1792 1256 ἁδυμελεῖ

365 1271 501 1327 θαμά
533 1274 616 1327 μὲν
648 1272 856 1330 φόρμιγγι
889 1271 1174 1327 παμφώνοισι
1205 1274 1245 1313 τ’
1275 1270 1324 1314 ἐν
1357 1269 1525 1314 ἔντεσιν
1556 1269 1724 1322 αὐλῶν,
1822 1278 1824 1281 ’

222 1343 297 1387 ubi
328 1346 464 1403 antea
493 1343 665 1387 dixerat
708 1356 757 1387 se
798 1340 1077 1400 α’θλοφόροις
1109 1341 1331 1400 άνδράσιν
1366 1340 1607 1401 Οὐλυμπίᾳ
1639 1346 1795 1387 Πυθοῖ

198 1432 267 1470 ’τε
299 1415 580 1459 νικώντεσσιν
612 1427 788 1459 carmen
819 1414 1007 1458 mittere.

220 1488 269 1532 P.
301 1487 342 1542 5,
374 1487 451 1531 45:
485 1485 788 1539 Ἀλεξιβιάδα,
821 1489 871 1530 σὲ
901 1484 942 1529 δ’
973 1484 1157 1544 ἠΰκομοι
1191 1486 1395 1542 φλέγοντι
1427 1486 1636 1545 Χάριτες,

363 1559 595 1616 μακάριος,
630 1556 679 1609 ὃς
711 1556 824 1613 ἔχεις

364 1636 441 1673 και
474 1630 591 1673 πεδα
624 1636 769 1685 μέγαν
799 1630 1005 1685 κάματον

187 1758 189 1760 q
364 1701 510 1756 λόγων
542 1701 773 1759 φερτάτων
802 1711 1010 1758 μνημεῖα.

220 1774 327 1829 I.8,
362 1772 440 1818 16:
473 1773 551 1832 χρή
588 1773 629 1816 δ’
659 1772 709 1816 ἐν
739 1772 1041 1816 ἑπταπύλοισι
1077 1747 1253 1830 Θήβαις
1283 1779 1516 1832 τραφέντα
1547 1820 1550 1824 ,

363 1850 530 1903 Αἰγίνᾳ
562 1849 775 1903 Χαρίτων
808 1861 955 1889 αωτον
988 1851 1236 1930 προνέμειν.

143 1907 160 1978 Ι,
220 1919 273 1964 Ν.
303 1917 343 1973 9,
375 1917 460 1963 54ε-
472 1919 576 1961 Ζεῦ
607 1917 751 1975 πάτερ

363 2006 549 2045 ευχοιιαι
580 1989 755 2049 ταύταν
788 1987 958 2047 αρετοὶν
989 1989 1235 2046 κελαδῆσαι
1258 1989 1340 2033 σύν
1360 1993 1644 2047 Χαρίτεσσιν,
1676 1988 1793 2047 ὅπερ

1081 2060 1261 2104 πολλῶν
1291 2078 1339 2104 τε
1368 2060 1607 2117 τιμαλφεῖν
1638 2061 1787 2116 λόγοις

363 2141 507 2185 νίκαν,
542 2131 786 2184 οἷκοντίζων
817 2133 987 2176 σκοποῖ’
1021 2129 1211 2188 ἄγχιστα
1243 2134 1442 2176 Μοισοῖν.

220 2207 468 2251 Carminum
499 2206 609 2251 deae
640 2206 794 2250 Musae
826 2207 951 2259 sunt,
991 2218 1080 2250 non
1111 2204 1317 2260 Gratiae3
1359 2205 1440 2250 sed
1479 2206 1562 2251 hoc
1591 2206 1687 2251 loco
1720 2206 1796 2252 ubi

218 2276 261 2321 id
279 2277 389 2334 -agit
418 2276 650 2331 Pindarus,
679 2278 730 2321 ut
759 2276 972 2322 victorem
1002 2275 1194 2320 carmine
1224 2275 1553 2332 laetificet,
1591 2279 1704 2332 orat,
1746 2280 1796 2322 ut

220 2362 316 2394 cum
347 2349 517 2394 Gratiis
550 2351 695 2394 canat.
985 2338 987 2340 ⁵
1162 2379 1166 2382 -

338 2421 490 2476 Neque
520 2420 646 2465 modo
677 2420 870 2466 victores
901 2419 1166 2465 carminibus
1199 2420 1356 2476 quibus
1388 2420 1682 2475 celebrantur,
1715 2421 1794 2466 sed

220 2492 392 2538 omnino
422 2493 621 2539 homines
653 2493 930 2539 delectantur
960 2492 1249 2549 carminibus;
1279 2493 1431 2549 itaque
1462 2492 1659 2539 carmina
1688 2507 1793 2549 qua-

218 2566 349 2609 tenus
388 2566 531 2611 laetos
571 2566 618 2611 in
659 2566 874 2612 conviviis
915 2568 962 2611 et
1002 2565 1135 2611 festis
1174 2565 1329 2611 diebus
1361 2565 1573 2627 convivas
1603 2566 1795 2611 reddunt

219 2634 476 2682 Gratiarum
506 2636 688 2683 munera
717 2641 866 2684 sunt:

219 2706 269 2750 P.
301 2706 341 2760 4,
373 2707 453 2752 89;
485 2713 697 2767 Χαρίτων
728 2710 1006 2754 κελαδεννᾶν

362 2779 423 2837 μή
453 2797 508 2835 με
540 2781 663 2825 λίποι
695 2782 911 2842 καθαρὰν
942 2788 1110 2839 φέγγος.
