2001 3296
855 251 1153 297 ..85-

219 385 430 433 Omnibus
462 388 608 432 autem
642 386 712 432 his
743 384 972 433 vocabulis
1002 383 1223 429 notionem
1263 383 1412 429 inesse
1442 396 1530 428 non
1561 382 1686 427 modo
1718 382 1791 427 de-

144 463 147 466 ’
217 458 468 514 01ᾱο1011ᾱ1,·
495 459 574 504 sed
604 459 738 505 etiam
768 456 980 511 laetandi,
1019 456 1047 501 i.
1079 469 1115 500 0.
1157 456 1251 501 eius
1293 455 1539 501 affectionis
1571 454 1792 499 notionem

217 543 305 593 qua
335 529 505 576 animus
546 533 593 576 ut
635 530 801 587 aliquid
832 528 1055 574 desideret
1085 530 1431 574 commoveatur:
1474 540 1587 583 quae
1616 526 1792 572 laetitia

217 615 298 647 nos
330 601 538 658 afficiant,
569 616 683 658 quae
712 603 847 659 grata
876 601 1004 646 nobis
1034 600 1137 655 sint,
1167 614 1223 645 ea
1254 613 1335 645 nos
1367 599 1621 645 desiderare
1635 597 1685 656 1).

210 682 213 686 ·
335 674 434 719 Hac
462 673 509 718 in
529 673 799 730 quaestione,
831 685 944 728 quae
974 671 1032 736 111,
1047 671 1208 717 ceteris
1228 671 1393 728 linguis
1413 670 1791 728 Indogermanicis

216 745 358 803 magis
388 759 517 802 quam
547 747 593 792 in
623 746 778 803 lingua
807 744 985 791 Graeca
1015 745 1231 799 versetur,
1271 756 1368 789 cum
1399 743 1508 789 nihil
1546 756 1627 799 pro
1651 745 1790 809 ⁸certo

218 817 436 864 affirmare
465 832 653 876 possem,
683 816 835 864 varias
866 817 1058 863 virorum
1080 816 1305 862 doctorum
1337 815 1586 861 sententias
1616 815 1791 870 rettuli3

199 889 261 941 ,in
281 884 494 935 vocabulo
514 890 644 949 χάρις
670 889 929 945 explicando
951 888 1293 944 Gratiarumque
1312 890 1475 932 natura
1495 887 1791 943 interpretan-

216 961 275 1007 da
304 962 386 1008 has
416 976 489 1008 res
521 961 633 1008 satis
652 961 849 1007 incertas
880 960 1018 1015 omisi,
1048 961 1220 1006 Graeca
1254 960 1474 1016 respicere
1500 960 1613 1005 satis
1643 959 1791 1004 habui.

216 1033 327 1077 Nam
367 1035 417 1077 ut
446 1032 674 1078 vocabulis
705 1038 892 1089 χαίρειν,
929 1032 1070 1090 χαρά,
1112 1032 1255 1090 χάρις,
1294 1032 1580 1089 χαρίζεσθαι,
1622 1037 1791 1088 χαρίεις

191 1101 343 1150 'radix
386 1104 494 1151 insit
534 1116 719 1160 quacum
759 1102 880 1149 notio
925 1103 1135 1160 primaria
1179 1103 1415 1161 coniuncta
1460 1105 1560 1149 erat
1603 1102 1792 1157 lucendi,

214 1179 363 1221 tamen
394 1177 511 1231 apud
541 1177 739 1220 Graecos
773 1161 847 1219 res
879 1175 1083 1220 sensibus
1113 1175 1396 1231 percipienda
1435 1176 1481 1219 in
1523 1174 1658 1219 animi
1689 1187 1790 1219 con-

216 1246 429 1293 dicionem
459 1241 684 1292 translata
702 1245 902 1291 laetandi
928 1246 1153 1291 notionem
1184 1246 1377 1302 accepit;
1409 1260 1465 1291 ex
1495 1247 1580 1291 hac
1611 1245 1791 1291 notione

213 1319 405 1377 Χάριτες
456 1318 658 1364 Graecae
706 1318 1069 1374 interpretandae
1120 1321 1236 1363 sunt.
1315 1318 1445 1374 Apud
1494 1318 1628 1363 Indos
1679 1319 1792 1362 haec

215 1390 449 1436 translatio
481 1390 605 1436 facta
635 1403 723 1434 non
754 1392 838 1444 est,
867 1390 949 1434 sed
978 1403 1004 1434 e
1034 1390 1212 1434 notione
1253 1389 1427 1436 lucendi
1467 1389 1527 1447 (si
1566 1392 1692 1434 recta
1731 1389 1792 1434 sit

216 1462 369 1508 Sonuii
389 1461 631 1519 sententia)
664 1461 884 1507 adjectivo
919 1461 1067 1518 „hari“
1104 1462 1224 1507 color
1243 1462 1386 1508 flavus
1412 1461 1690 1518 significatus
1717 1463 1793 1509 ,est

217 1536 349 1590 atque
393 1534 617 1591 „haritas“
672 1534 924 1590 appellatae
965 1536 1070 1579 sunt
1110 1534 1224 1579 Solis
1266 1547 1406 1590 equae
1446 1535 1659 1579 lucentes.
1737 1534 1791 1578 In

215 1606 384 1652 Gratiis
414 1606 552 1662 igitur
582 1606 856 1651 Graecorum>
882 1605 1155 1661 explicandis
1196 1619 1284 1651 non
1318 1606 1541 1662 „haritas“
1585 1606 1791 1651 Indorum

216 1677 342 1723 nobis
372 1676 676 1733 respiciendae
707 1680 824 1732 sunt,
861 1678 939 1722 sed
972 1690 1027 1722 ea
1057 1690 1170 1733 quae
1201 1677 1364 1723 Graeci
1405 1678 1460 1722 de
1490 1677 1662 1723 Gratiis
1698 1677 1791 1722 suis

216 1749 530 1794 existimabant
560 1751 606 1793 et
637 1749 801 1794 Graeci
831 1749 1036 1795 vocabuli
1066 1749 1195 1807 χάρις
1227 1749 1505 1808 significatio.

335 1822 537 1866 Ceterum
567 1821 684 1877 quod
714 1821 772 1867 ad
817 1821 1012 1879 linguam
1058 1822 1278 1867 Graecam
1324 1821 1499 1877 attinet,
1546 1824 1594 1867 et
1639 1821 1792 1868 Sonnii

216 1897 263 1940 et
292 1907 439 1939 eorum
479 1893 554 1949 qui
592 1896 695 1950 post
730 1894 941 1942 Sounium
982 1895 1097 1939 banc
1137 1895 1441 1950 quaestionem
1481 1897 1793 1941 tractaverunt

216 1966 439 2012 sententia
478 1968 603 2011 recta
644 1979 745 2011 esse
787 1968 947 2023 potest.
1029 1966 1077 2011 Si
1115 1966 1388 2012 recentiores
1429 1967 1674 2023 sequimur,
1717 1967 1792 2022 qui

216 2039 436 2084 notionem
465 2037 664 2082 laetandi
692 2037 781 2083 iam
812 2037 858 2083 in
888 2038 1038 2084 radice
1068 2038 1432 2096 Indogermanica
1470 2039 1651 2084 insitam
1691 2052 1792 2084 esse

216 2123 366 2156 omnes
397 2109 492 2155 fere
522 2122 608 2154 uno
641 2122 717 2155 ore
749 2113 1080 2165 consenserunt,
1111 2109 1180 2155 his
1211 2111 1439 2162 vocabulis
1471 2125 1526 2157 ea
1556 2124 1645 2167 qua
1675 2111 1793 2168 apud

216 2183 412 2227 Graecos
447 2183 719 2237 usurpantur
758 2182 1023 2239 significatio
1063 2182 1325 2238 impertitur.
1386 2183 1464 2228 Sin
1505 2185 1654 2228 autem
1695 2196 1792 2228 cum

215 2253 378 2300 Sonnio
393 2252 568 2298 lucendi
586 2253 810 2300 notionem
827 2254 1082 2311 primariam
1102 2268 1203 2300 esse
1223 2258 1440 2312 putamus,
1461 2255 1579 2312 apud
1593 2256 1791 2301 Graecos

216 2325 451 2371 translatio
493 2326 735 2371 statuenda
775 2329 857 2372 est.
938 2327 1068 2372 Notio
1112 2327 1290 2375 lucendi
1335 2341 1424 2373 non
1465 2327 1613 2373 aliena
1652 2330 1724 2373 est
1764 2342 1793 2373 a

216 2397 416 2444 laetandi
455 2397 654 2443 notione:
707 2399 841 2444 animi
891 2399 1066 2445 laetitia
1104 2400 1282 2445 lucente
1323 2400 1540 2456 corporis,
1581 2400 1819 2457 imprimis,

215 2470 449 2524 oculorum,
480 2468 627 2525 specie
659 2469 937 2528 significatur
965 2470 1043 2530 (cf.
1073 2470 1260 2530 Fulda);
1303 2471 1476 2518 accedit
1507 2472 1623 2528 quod
1666 2472 1791 2517 multi

215 2542 500 2590 inveniuntur
527 2541 613 2587 loci
653 2543 730 2588 ubi
759 2544 889 2603 χάρις
919 2557 999 2601 per
1038 2544 1274 2602 imaginem
1314 2547 1364 2591 ut
1404 2558 1476 2590 res
1520 2558 1633 2601 quae
1673 2545 1792 2590 lucet

217 2613 501 2672 intelligitur:

341 2736 376 2781 1)
400 2732 639 2771 Vocabulum
665 2734 833 2773 eiusdem
857 2736 998 2774 radicis
1023 2737 1235 2774 Litavicum
1261 2731 1465 2785 ‚,gerej1⁰1s“
1491 2737 1556 2784 (cf.
1566 2737 1705 2785 laege»)
1730 2748 1793 2775 ea-

220 2794 305 2832 dem
331 2793 479 2846 ratione
514 2796 627 2840 atque
662 2794 851 2833 Graecum
869 2802 992 2846 χαίρω
1017 2797 1187 2834 laetandi
1223 2797 1538 2845 significationem
1572 2799 1792 2836 servavisse

219 2853 583 2901 ostendit,Roich01t
608 2854 634 2892 1.
659 2854 684 2892 l.
