2001 3296
872 247 1050 295 -27
1111 274 1207 321 -ο

237 381 313 428 ubi
340 381 416 426 illo
439 378 597 425 ἄνεται
615 379 911 440 (perficit-ur)
942 380 1127 427 Gratiae
1144 381 1345 427 omnium
1374 393 1521 426 rerum
1552 378 1806 435 ceteroquin

235 454 324 499 iam
368 454 580 499 bonarum
619 452 699 511 (cf.
730 458 773 496 εἰ
806 454 954 509 σοφός,
996 458 1040 496 εἰ
1072 453 1224 505 καλός,
1266 455 1313 496 εἴ
1345 471 1412 505 τις
1454 451 1628 507 ἀγλαὸς
1670 449 1807 510 εἰνήρ)

235 525 621 571 consummatrices
650 525 902 570 laudantur.
962 524 1098 570 Plura
1127 525 1181 570 de
1211 526 1293 571 hoc
1321 526 1418 571 loco
1450 538 1545 581 cap.
1574 524 1633 569 11.

353 598 453 644 Huc
472 597 731 643 referendus
748 600 818 643 est
837 598 960 643 locus
980 596 1056 642 ille
1071 589 1378 655 Thucydideus
1390 611 1480 654 ¹quo
1495 596 1711 643 Periclem
1725 598 1807 644 has

235 669 508 720 Athenarum
546 669 701 715 laudes
742 669 1039 714 celebrantem
1078 669 1246 716 inducit
1274 670 1352 729 (Π,
1384 668 1485 727 41):
1528 669 1721 718 ξυνελών
1759 685 1807 712 τε

236 742 347 799 λέγω
389 743 471 800 τήν
511 759 559 785 τε
600 744 758 786 πᾶσαν
801 741 938 786 πόλιν
968 744 1045 799 τῆς
1076 740 1279 794 Ἑλλάδος
1309 742 1549 786 παίδευσιν
1580 741 1698 785 εἶναι
1729 746 1808 784 καὶ

234 817 349 858 καθ’
380 816 570 858 ἕκαστον·
598 812 743 857 δοκεῖν
774 810 842 857 ἄν·
863 831 938 869 μοι
968 813 1051 857 τὸν
1082 812 1225 858 αὐτὸν
1257 812 1403 873 ἄνδρα
1436 817 1547 872 παρ’
1577 810 1704 871 ἡμῶν
1729 812 1808 858 ἐπὶ

238 886 406 929 πλεῖστ’
438 883 499 929 ἄν
530 885 624 942 εἴδη
657 890 734 928 καὶ
763 885 877 940 μετοὶ
909 893 1102 944 χαρίτων
1131 887 1311 941 μάλιστ’
1344 883 1404 930 ἂν
1434 884 1722 943 εὕτραπέλως
1752 885 1804 929 τὸ

237 961 363 1015 σῶμα
391 954 608 1017 αὔταρκες
628 961 927 1017 παρέχεσθαι.
990 957 1223 1005 Sententia
1253 959 1363 1004 haec
1387 957 1482 1004 fere
1503 960 1594 1003 est:
1624 958 1679 1003 In
1699 958 1808 1003 urbe

236 1033 390 1076 nostra
419 1030 719 1086 unusquisque
739 1029 850 1076 civis
871 1043 958 1075 non
988 1030 1064 1075 uni
1092 1033 1265 1076 tantum
1295 1030 1473 1088 negotio
1502 1044 1585 1087 par
1614 1032 1697 1084 est,
1728 1030 1808 1076 sed

234 1103 349 1148 idem
380 1102 450 1148 vir
491 1102 549 1147 ad
588 1102 776 1158 plurima
815 1102 1090 1160 negotiorum
1131 1115 1298 1159 genera
1335 1101 1435 1153 (ἐπὶ
1470 1102 1659 1147 πλεῖστα
1689 1101 1808 1160 εἴδη)

236 1175 392 1220 dextre
422 1172 746 1232 (εὐτραπέλοις)
775 1174 979 1220 idoneum
1009 1188 1059 1219 se
1099 1175 1282 1230 praebet
1314 1174 1429 1230 μετα
1462 1182 1670 1232 χαρίτων,
1710 1174 1739 1220 i.
1769 1188 1808 1220 e.

234 1247 303 1292 ita
331 1247 383 1291 ut
411 1246 600 1302 placeat,
641 1248 691 1291 ut
732 1245 866 1291 animi
907 1248 954 1291 et
993 1259 1160 1292 morum
1201 1245 1425 1304 elegantia
1465 1245 1576 1291 alios
1611 1246 1808 1293 homines

165 1318 168 1324 '
234 1317 410 1365 laetitia
440 1317 610 1364 afficiat
640 1317 717 1377 (cf.
748 1330 862 1374 quae
893 1318 951 1364 ad
975 1318 1052 1364 Ar.
1071 1317 1261 1376 Lysistr.
1283 1317 1370 1363 545
1402 1318 1625 1373 adnotavi,
1654 1332 1696 1375 p.
1718 1316 1808 1377 19).

234 1393 361 1438 Inter
400 1404 591 1437 summas
630 1390 767 1448 igitur
802 1384 1137 1438 Atheniensium
1174 1391 1329 1437 laudes
1360 1405 1389 1437 a
1416 1391 1589 1437 Pericle
1625 1404 1807 1437 comme-

235 1465 431 1509 moratur
461 1463 606 1507 omnia
636 1475 712 1508 eos
741 1480 855 1518 μετα
887 1471 1103 1522 χαρίτων
1113 1463 1277 1508 facere.

354 1541 491 1585 Plura
522 1540 702 1585 afferam
734 1541 934 1596 exempla
964 1553 1016 1586 eo
1048 1541 1194 1597 capite
1225 1554 1309 1595 quo
1342 1541 1397 1586 de
1417 1541 1603 1598 singulis
1624 1506 1809 1597 scripto-

235 1611 357 1657 ribus
389 1611 614 1657 disseram.

356 1690 483 1746 Quod
512 1689 675 1735 Graeci
715 1689 832 1735 tanti
873 1690 1223 1736 aestimaverunt
1262 1692 1379 1736 hanc
1409 1691 1555 1749 χάριν,
1598 1676 1810 1746 quantum

236 1761 436 1807 laetitiae
456 1761 692 1806 tribuerint
713 1761 920 1806 ostendit.
970 1761 1169 1818 Quibus
1201 1762 1379 1817 aliqua
1408 1775 1492 1807 res
1522 1775 1675 1817 quae,
1705 1762 1811 1807 etsi

238 1833 545 1889 ceteroquin
567 1833 680 1879 sine
701 1834 807 1879 ullo
823 1833 955 1880 vitio
972 1836 1072 1888 est,
1088 1834 1307 1880 animum
1323 1833 1812 1881 hominumslaetitia

238 1919 335 1951 non
367 1905 549 1950 afficit
579 1904 821 1960 perfecta
852 1908 1009 1960 atque
1040 1906 1273 1950 omnibus
1304 1906 1531 1951 numeris
1563 1906 1810 1951 absoluta

238 1991 337 2023 non
357 1977 572 2024 videtur
593 1990 722 2022 esse.
776 1977 863 2022 Est
891 1977 967 2022 ille
998 1991 1090 2023 mos
1122 1978 1388 2023 Graecorum
1419 1990 1503 2033 quo
1534 1977 1733 2022 omnibus
1762 1976 1810 2023 in

237 2050 369 2094 rebus
401 2062 457 2093 ex
486 2048 658 2093 homine
688 2048 905 2093 modulum
935 2048 1135 2104 capiunt;
1178 2050 1232 2093 de
1261 2051 1344 2093 hoc
1373 2062 1491 2093 more
1522 2049 1810 2104 sagacissime

238 2122 332 2179 egit
350 2122 442 2166 Ioh.
458 2121 642 2166 Classen
666 2121 1067 2177 „Beobachtungen
1081 2122 1191 2166 iiber
1205 2121 1290 2165 den
1305 2120 1606 2166 homer-ischen
1621 2120 1810 2176 Sprach-

238 2193 487 2250 gebrauch“
511 2192 614 2250 (sub
634 2193 775 2246 finem,
795 2192 1029 2248 praecipue
1049 2200 1089 2247 p.
1112 2191 1197 2236 196
1218 2192 1344 2249 sqq.),
1375 2192 1571 2248 appellat
1591 2205 1691 2238 eum
1713 2192 1813 2248 „die

237 2263 573 2321 Lebhaftigkeit
591 2264 671 2309 der
684 2262 990 2320 persenlichen
1007 2262 1322 2321 (subJectiven)
1337 2263 1636 2322 Auffassung“
1651 2281 1662 2319 3
1683 2264 1814 2310 affert

236 2337 346 2381 illud
375 2337 648 2392 Protagorae
679 2336 867 2378 πάντων
897 2335 1135 2393 χρημάτων
1156 2342 1325 2394 ,μέτρον
1358 2333 1618 2395 ἄνθρωπος.

283 2470 286 2474 ,
356 2420 486 2464 Hanc
526 2419 659 2477 χάριν
700 2420 832 2474 atque
874 2418 1047 2464 omnino
1087 2419 1307 2465 laetitiam
1346 2433 1436 2466 non
1475 2420 1601 2467 modo
1643 2435 1672 2466 a
1706 2434 1812 2466 non-

239 2491 371 2538 nullis
416 2491 559 2548 poetis
605 2493 652 2536 et
697 2490 940 2537 artificibus
987 2491 1066 2537 sed
1114 2492 1250 2538 etiam
1296 2493 1353 2538 ab
1399 2492 1606 2539 universo
1653 2494 1812 2551 populo

239 2564 411 2610 Graeco
452 2563 568 2609 tanti
609 2563 887 2609 aestimatam
927 2577 1028 2610 esse
1069 2567 1116 2610 et
1157 2579 1182 2612 e
1222 2565 1491 2611 salutatione
1531 2576 1658 2624 χαῖρε
1697 2566 1813 2621 „lae-

239 2636 364 2681 tare“
378 2634 413 2693 1)
435 2638 481 2680 et
501 2648 526 2680 e
548 2648 705 2692 magno
736 2648 917 2682 numero
948 2636 1173 2682 nominum
1190 2651 1219 2682 a
1238 2637 1388 2683 radice
1408 2656 1495 2696 χαρ
1515 2637 1813 2684 derivatorum

363 2780 399 2827 1)
424 2780 467 2816 E.
505 2779 655 2816 Curtius
699 2779 792 2824 „Die
832 2780 1096 2828 Volksgriisse
1137 2781 1205 2818 der
1246 2780 1546 2827 Neugriechen“.
1610 2780 1815 2826 (Gesamm.

241 2840 340 2878 Abh.
365 2839 402 2877 Π
424 2842 469 2887 p.‘
486 2839 593 2886 515):
629 2838 822 2883 „Schlicht
846 2840 926 2877 und
951 2840 1113 2886 einiach,
1148 2841 1275 2888 sinnig
1303 2840 1382 2878 und
1405 2840 1728 2888 bedeutungsvoll
1753 2852 1815 2877 zu-
