2001 3296
833 688 1211 783 Appendix.

288 864 384 915 <De
416 864 603 915 lucendi
634 864 834 917 notione
866 878 991 929 quae
1022 864 1172 915 radici
1203 885 1230 923 χ
1243 884 1273 910 α
1286 884 1310 923 ρ
1342 863 1505 914 inesse
1537 863 1719 915 dicitur.

354 965 526 1008 Usener
566 964 612 1008 in
650 964 762 1009 libro
804 964 878 1021 qui
908 953 1166 1008 inscribitur
1200 964 1573 1020 „Gotternameffl
1610 963 1671 1019 (p.
1704 962 1811 1019 131)

233 1039 445 1093 Χαρίτων
476 1049 632 1080 nomen
663 1049 688 1080 e
719 1032 935 1084 vocabulo
958 1035 1228 1080 Sanscritico
1265 1035 1414 1091 „hari'·‘
1455 1034 1502 1092 (i.
1524 1048 1562 1080 e.
1589 1034 1810 1091 „flavus“)

234 1107 553 1162 interpretatus
585 1107 767 1151 Gratias
798 1107 908 1161 lucis
941 1107 1148 1152 caelestis
1191 1108 1298 1152 deas
1330 1120 1443 1162 quae
1474 1107 1629 1163 fruges
1661 1107 1811 1151 colunt

235 1182 367 1241 atque
439 1180 565 1223 alunt
634 1179 773 1223 fuisse
835 1179 952 1236 dicit.
1054 1175 1188 1223 Hanc
1244 1179 1583 1234 explicationem
1642 1178 1809 1234 primus

153 1268 156 1271 ’
236 1252 449 1314 attulerat
489 1251 815 1298 Maximilianus
856 1252 1033 1307 Mffller,
1084 1251 1158 1307 qui
1199 1251 1313 1297 Solis
1355 1265 1493 1307 equas
1506 1287 1516 1307 ,
1558 1265 1669 1307 quas
1709 1250 1810 1296 Indi

238 1325 461 1383 „haritas“
476 1324 717 1381 („flavas“)
730 1324 1027 1382 appellabant,
1045 1324 1301 1368 Gratiarum
1312 1325 1581 1368 Graecarum
1598 1324 1811 1380 originem

234 1409 334 1445 esse
377 1396 691 1441 affirmaverat.
753 1396 834 1443 Cui
863 1396 1094 1442 adversati
1135 1398 1240 1441 sunt
1271 1396 1417 1441 Sonne
1432 1394 1467 1452 l)
1505 1399 1551 1441 et
1581 1391 1758 1441 Gurtius
1772 1393 1809 1453 2)

234 1469 319 1518 duo
351 1465 587 1513 afferentes
610 1470 891 1524 argumenta:
925 1481 1067 1522 neque
1098 1469 1232 1512 ullam
1262 1468 1380 1512 inter
1405 1468 1588 1513 Gratias
1609 1468 1808 1513 Graecas

235 1543 281 1587 et
321 1540 437 1586 Solis
490 1553 626 1596 equas
667 1539 846 1589 Indicas
896 1539 1226 1585 similitudinem
1267 1553 1390 1595 esse,
1438 1553 1581 1595 neque
1625 1539 1809 1585 Gratias

235 1611 480 1669 (Χάριτας)
522 1613 817 1667 secernendas
859 1623 958 1656 esse
1000 1625 1028 1655 a
1071 1612 1351 1657 substantivo
1392 1613 1523 1670 χάρις
1564 1612 1810 1666 ceterisque

234 1684 429 1734 eiusdem
449 1684 612 1729 radicis
635 1683 861 1731 vocabulis
894 1684 1046 1742 (χαρά,
1078 1690 1265 1742 χαίρειν,
1293 1685 1580 1742 χαρίζεσθαι,
1607 1683 1808 1741 χαρίεις),

234 1770 346 1816 quae
387 1770 443 1800 ex
484 1757 598 1799 Solis
639 1758 763 1810 equis
805 1756 1018 1810 explicari
1058 1769 1146 1799 non
1188 1759 1383 1811 possent.
1444 1757 1604 1811 Itaque
1644 1770 1732 1800 non
1764 1756 1810 1799 id

232 1828 391 1887 agitur,
427 1830 476 1873 ut
508 1828 692 1873 Gratiae
724 1827 924 1886 Graecae
957 1841 1013 1873 ex
1044 1827 1308 1873 animalibus
1350 1828 1609 1888 quibusdam
1651 1828 1706 1873 de
1736 1829 1808 1873 In-

232 1901 383 1948 dorum
414 1900 684 1956 mythologia
712 1900 877 1955 petitis,
915 1913 1097 1954 quorum
1128 1913 1285 1944 nomen
1315 1900 1442 1954 idem,
1483 1903 1646 1945 natura
1676 1901 1807 1955 plane

232 1966 410 2019 diversa
440 1974 522 2027 est,
554 1972 841 2028 explicentur,
878 1972 958 2017 sed
989 1985 1102 2028 quae
1134 1972 1399 2029 significatio
1430 1972 1640 2028 primaria
1669 1972 1808 2017 radici

230 2062 317 2104 χαρ
349 2044 545 2102 (Sanscr.
580 2043 736 2100 „har“)
769 2044 972 2089 subiecta
1001 2044 1062 2089 sit
1092 2045 1411 2099 anquirendum
1442 2047 1525 2089 est.

350 2116 482 2161 Cuius
514 2118 660 2160 autem
690 2115 852 2160 radicis
892 2116 947 2161 de
978 2116 1302 2173 significatione
1342 2116 1552 2172 primaria
1581 2116 1665 2162 viri
1707 2116 1807 2160 ‹loc-

229 2188 390 2234 tissimi
420 2200 507 2232 non
529 2187 831 2232 consentiunt:
864 2187 1041 2233 Curtius
1063 2188 1285 2233 notionem
1306 2188 1588 2233 desiderandi
1609 2187 1807 2245 (Sanscr.

234 2259 509 2318 „haryami“)
541 2261 582 2305 ei
612 2261 759 2306 inesse
781 2261 986 2317 affirmat,
1017 2262 1143 2317 Bopp
1175 2261 1337 2317 aliique
1357 2261 1580 2307 notionem
1601 2261 1808 2306 horrendi

150 2362 152 2364 -
231 2332 428 2391 (Sanscr.
465 2331 687 2389 „harsh“)‚
729 2333 845 2387 quod.
875 2333 1105 2389 voluptate
1137 2336 1184 2377 et
1212 2333 1387 2378 laetitia
1417 2333 1566 2388 capilli
1596 2334 1808 2377 horreant

230 2406 302 2451 vel
333 2404 471 2449 erecti
501 2407 634 2456 stent,
672 2404 861 2450 omnium
902 2406 1057 2450 horum
1097 2398 1411 2451 vocabulorum
1451 2405 1665 2462 originem
1706 2419 1806 2451 esse

230 2479 403 2532 putant,
434 2468 579 2520 Sonne
599 2475 804 2521 fervendi
824 2470 959 2532 atque
979 2477 1156 2521 lucendi
1176 2477 1399 2522 notionem
1428 2477 1495 2522 ita
1524 2479 1576 2521 ut
1599 2478 1806 2522 horrendi

229 2547 493 2604 significatio
525 2560 581 2592 ex
612 2560 667 2592 ea
698 2547 942 2594 derivanda
982 2548 1042 2593 sit
1082 2548 1335 2604 primariam
1375 2548 1484 2593 dicit
1524 2562 1624 2594 esse
1666 2549 1805 2593 Curtii

230 2619 523 2677 explicatione
552 2619 811 2675 improbata.
874 2620 1083 2666 Sonnium
1121 2622 1300 2666 secutus
1343 2623 1415 2666 est
1445 2617 1601 2675 Fulda„
1643 2620 1719 2676 qui
1758 2620 1804 2665 in

229 2692 341 2737 libro
383 2692 458 2747 qui
498 2690 755 2738 inscribitur
788 2693 1216 2749 „Untersuchungen
1256 2694 1367 2737 iiber
1397 2693 1468 2738 die
1499 2693 1694 2749 Sprache
1727 2693 1807 2738 der

352 2814 387 2857 1)
412 2811 546 2864 Kuhns
571 2810 790 2847 Zeitschrift
814 2813 860 2848 10
883 2823 921 2858 p.
946 2813 994 2848 96
1020 2822 1101 2857 sqq.

349 2870 387 2917 2)
413 2869 645 2918 Grundziige
671 2869 740 2907 der
765 2871 908 2918 griech.
934 2871 1176 2920 Etymologie
1202 2874 1218 2895 ⁵
1241 2883 1278 2920 p.
1305 2873 1385 2911 121.
