<?xml version="1.0" encoding="UTF-8"?>
<!DOCTYPE html PUBLIC "-//W3C//DTD XHTML 1.0 Transitional//EN"
    "http://www.w3.org/TR/xhtml1/DTD/xhtml1-transitional.dtd">
<html xmlns="http://www.w3.org/1999/xhtml" xml:lang="en" lang="en">
 <head>
  <title>
</title>
<meta http-equiv="Content-Type" content="text/html;charset=utf-8" />
  <meta name='ocr-system' content='tesseract 3.04.00' />
  <meta name='ocr-capabilities' content='ocr_page ocr_carea ocr_par ocr_line ocrx_word'/>
</head>
<body>
  <div class='ocr_page' id='page_1' title='image "./4630583_0045.png"; bbox 0 0 2001 3296; ppageno 0'>
   <div class='ocr_carea' id='block_1_1' title="bbox 858 255 1179 309">
    <p class='ocr_par' dir='ltr' id='par_1_1' title="bbox 858 255 1179 309">
     <span class='ocr_line' id='line_1_1' title="bbox 858 255 1179 309; baseline 0.009 -19"><span class='ocrx_word' id='word_1_1' title='bbox 858 281 909 290; x_wconf 84' lang='lat'><em>-</em></span> <span class='ocrx_word' id='word_1_2' title='bbox 973 255 1031 302; x_wconf 84' lang='lat'>35</span> <span class='ocrx_word' id='word_1_3' title='bbox 1082 281 1179 309; x_wconf 29' lang='grc'>,.-,</span> 
     </span>
    </p>
   </div>
   <div class='ocr_carea' id='block_1_2' title="bbox 167 385 1800 893">
    <p class='ocr_par' dir='ltr' id='par_1_2' title="bbox 216 385 1800 598">
     <span class='ocr_line' id='line_1_2' title="bbox 220 385 1800 454; baseline -0.006 -12"><span class='ocrx_word' id='word_1_4' title='bbox 220 394 486 454; x_wconf 74' lang='lat' dir='ltr'>(gratarum)</span> <span class='ocrx_word' id='word_1_5' title='bbox 526 394 699 450; x_wconf 82' lang='lat' dir='ltr'>partem</span> <span class='ocrx_word' id='word_1_6' title='bbox 727 391 864 436; x_wconf 81' lang='lat' dir='ltr'>habet</span> <span class='ocrx_word' id='word_1_7' title='bbox 905 390 982 449; x_wconf 81' lang='lat' dir='ltr'>(cf.</span> <span class='ocrx_word' id='word_1_8' title='bbox 1013 385 1219 434; x_wconf 79' lang='grc' dir='ltr'><strong><em>πλεῖστον</em></strong></span> <span class='ocrx_word' id='word_1_9' title='bbox 1249 396 1420 447; x_wconf 77' lang='grc' dir='ltr'><strong><em>μετέχει</em></strong></span> <span class='ocrx_word' id='word_1_10' title='bbox 1451 396 1647 448; x_wconf 82' lang='grc' dir='ltr'><strong><em>χαρίτων</em></strong></span> <span class='ocrx_word' id='word_1_11' title='bbox 1679 388 1800 433; x_wconf 80' lang='lat' dir='ltr'>Eccl.</span> 
     </span>
     <span class='ocr_line' id='line_1_3' title="bbox 216 458 1799 525; baseline -0.007 -11"><span class='ocrx_word' id='word_1_12' title='bbox 216 467 335 525; x_wconf 81' lang='grc'>582).</span> <span class='ocrx_word' id='word_1_13' title='bbox 418 466 585 513; x_wconf 73' lang='lat' dir='ltr'>schol-2</span> <span class='ocrx_word' id='word_1_14' title='bbox 650 461 754 507; x_wconf 80' lang='grc' dir='ltr'><strong><em>άντῐ</em></strong></span> <span class='ocrx_word' id='word_1_15' title='bbox 803 465 884 507; x_wconf 81' lang='grc' dir='ltr'>τοῦ</span> <span class='ocrx_word' id='word_1_16' title='bbox 934 470 1130 521; x_wconf 84' lang='grc' dir='ltr'><strong><em>χαρίτων</em></strong></span> <span class='ocrx_word' id='word_1_17' title='bbox 1181 463 1558 522; x_wconf 79' lang='grc' dir='ltr'><strong><em>πεπληρωμένην,</em></strong></span> <span class='ocrx_word' id='word_1_18' title='bbox 1627 458 1655 504; x_wconf 70' lang='grc' dir='ltr'>δ’</span> <span class='ocrx_word' id='word_1_19' title='bbox 1705 460 1799 504; x_wconf 78' lang='grc' dir='ltr'><strong><em>ἐστι</em></strong></span> 
     </span>
     <span class='ocr_line' id='line_1_4' title="bbox 216 539 910 598; baseline -0.007 -15"><span class='ocrx_word' id='word_1_20' title='bbox 216 543 582 598; x_wconf 80' lang='grc' dir='ltr'><strong><em>κεχαριτωμένην.</em></strong></span> <span class='ocrx_word' id='word_1_21' title='bbox 901 539 910 551; x_wconf 80' lang='grc'><em>“</em></span> 
     </span>
    </p>

    <p class='ocr_par' dir='ltr' id='par_1_3' title="bbox 167 616 1799 893">
     <span class='ocr_line' id='line_1_5' title="bbox 189 616 1797 678; baseline -0.005 -10"><span class='ocrx_word' id='word_1_22' title='bbox 189 625 192 632; x_wconf 96' lang='grc'><strong>’</strong></span> <span class='ocrx_word' id='word_1_23' title='bbox 217 624 331 668; x_wconf 90' lang='lat' dir='ltr'>Plat.</span> <span class='ocrx_word' id='word_1_24' title='bbox 363 623 496 667; x_wconf 83' lang='lat' dir='ltr'>Conv.</span> <span class='ocrx_word' id='word_1_25' title='bbox 538 634 579 675; x_wconf 90' lang='lat' dir='ltr'>p.</span> <span class='ocrx_word' id='word_1_26' title='bbox 611 617 697 664; x_wconf 85' lang='lat'>197</span> <span class='ocrx_word' id='word_1_27' title='bbox 707 619 760 664; x_wconf 90' lang='lat' dir='ltr'>D.</span> <span class='ocrx_word' id='word_1_28' title='bbox 821 620 956 664; x_wconf 88' lang='lat' dir='ltr'>Amor</span> <span class='ocrx_word' id='word_1_29' title='bbox 1001 620 1249 675; x_wconf 84' lang='lat' dir='ltr'>appellatur</span> <span class='ocrx_word' id='word_1_30' title='bbox 1297 620 1501 678; x_wconf 65' lang='lat' dir='ltr'>„quqn&#39;q‘g,</span> <span class='ocrx_word' id='word_1_31' title='bbox 1535 616 1797 677; x_wconf 72' lang='grc' dir='ltr'><strong><em>ἁβρότητος,</em></strong></span> 
     </span>
     <span class='ocr_line' id='line_1_6' title="bbox 215 689 1798 750; baseline -0.002 -14"><span class='ocrx_word' id='word_1_32' title='bbox 215 693 382 750; x_wconf 80' lang='grc' dir='ltr'><strong><em>χλιδῆς,</em></strong></span> <span class='ocrx_word' id='word_1_33' title='bbox 424 698 633 749; x_wconf 89' lang='grc' dir='ltr'><strong><em>χαρίτων,</em></strong></span> <span class='ocrx_word' id='word_1_34' title='bbox 677 693 841 749; x_wconf 72' lang='grc' dir='ltr'><strong><em>ἱμέρου,</em></strong></span> <span class='ocrx_word' id='word_1_35' title='bbox 875 691 1031 735; x_wconf 75' lang='grc' dir='ltr'><strong><em>πόθου</em></strong></span> <span class='ocrx_word' id='word_1_36' title='bbox 1063 691 1253 750; x_wconf 81' lang='grc' dir='ltr'><strong><em>πατήρ.“</em></strong></span> <span class='ocrx_word' id='word_1_37' title='bbox 1289 716 1346 722; x_wconf 93' lang='lat'>-—</span> <span class='ocrx_word' id='word_1_38' title='bbox 1377 691 1556 749; x_wconf 89' lang='grc' dir='ltr'><strong><em>χάριτες</em></strong></span> <span class='ocrx_word' id='word_1_39' title='bbox 1599 689 1672 734; x_wconf 79' lang='lat' dir='ltr'>hic</span> <span class='ocrx_word' id='word_1_40' title='bbox 1711 702 1798 734; x_wconf 89' lang='lat' dir='ltr'>non</span> 
     </span>
     <span class='ocr_line' id='line_1_7' title="bbox 216 761 1798 822; baseline -0.003 -11"><span class='ocrx_word' id='word_1_41' title='bbox 216 766 326 811; x_wconf 87' lang='lat' dir='ltr'>deae</span> <span class='ocrx_word' id='word_1_42' title='bbox 359 763 689 819; x_wconf 75' lang='lat' dir='ltr'>intelligendae</span> <span class='ocrx_word' id='word_1_43' title='bbox 735 766 861 819; x_wconf 88' lang='lat' dir='ltr'>sunt,</span> <span class='ocrx_word' id='word_1_44' title='bbox 908 763 987 809; x_wconf 74' lang='lat' dir='ltr'>sed</span> <span class='ocrx_word' id='word_1_45' title='bbox 1032 777 1104 810; x_wconf 88' lang='lat' dir='ltr'>res</span> <span class='ocrx_word' id='word_1_46' title='bbox 1150 765 1329 822; x_wconf 80' lang='lat' dir='ltr'>gratae,</span> <span class='ocrx_word' id='word_1_47' title='bbox 1381 775 1644 819; x_wconf 86' lang='lat' dir='ltr'>quamquam</span> <span class='ocrx_word' id='word_1_48' title='bbox 1690 761 1798 807; x_wconf 88' lang='lat' dir='ltr'>illud</span> 
     </span>
     <span class='ocr_line' id='line_1_8' title="bbox 167 835 1799 893; baseline 0 -14"><span class='ocrx_word' id='word_1_49' title='bbox 167 868 170 872; x_wconf 58' lang='grc'><strong><em>»</em></strong></span> <span class='ocrx_word' id='word_1_50' title='bbox 219 836 421 893; x_wconf 53' lang='grc' dir='ltr'>ηπατήρ6*</span> <span class='ocrx_word' id='word_1_51' title='bbox 468 848 564 880; x_wconf 88' lang='grc'><strong>611111</strong></span> <span class='ocrx_word' id='word_1_52' title='bbox 608 835 775 880; x_wconf 78' lang='lat' dir='ltr'><strong>deabus</strong></span> <span class='ocrx_word' id='word_1_53' title='bbox 816 836 956 893; x_wconf 86' lang='lat' dir='ltr'>magis</span> <span class='ocrx_word' id='word_1_54' title='bbox 998 849 1238 893; x_wconf 84' lang='lat' dir='ltr'>congruere</span> <span class='ocrx_word' id='word_1_55' title='bbox 1279 836 1468 882; x_wconf 87' lang='lat' dir='ltr'>videtur.</span> <span class='ocrx_word' id='word_1_56' title='bbox 1530 836 1619 881; x_wconf 79' lang='lat' dir='ltr'>Se‘d</span> <span class='ocrx_word' id='word_1_57' title='bbox 1656 847 1799 890; x_wconf 87' lang='lat' dir='ltr'>neque</span> 
     </span>
    </p>
   </div>
   <div class='ocr_carea' id='block_1_3' title="bbox 215 908 1797 1038">
    <p class='ocr_par' dir='ltr' id='par_1_4' title="bbox 215 908 1797 1038">
     <span class='ocr_line' id='line_1_9' title="bbox 215 908 1797 966; baseline 0 -12"><span class='ocrx_word' id='word_1_58' title='bbox 215 911 442 964; x_wconf 86' lang='lat' dir='ltr'>Amorem,</span> <span class='ocrx_word' id='word_1_59' title='bbox 484 922 580 953; x_wconf 91' lang='lat' dir='ltr'>cum</span> <span class='ocrx_word' id='word_1_60' title='bbox 610 908 705 965; x_wconf 87' lang='lat' dir='ltr'>ipse</span> <span class='ocrx_word' id='word_1_61' title='bbox 737 909 913 966; x_wconf 83' lang='lat' dir='ltr'>Agatho</span> <span class='ocrx_word' id='word_1_62' title='bbox 944 922 1126 965; x_wconf 91' lang='lat' dir='ltr'>puerum</span> <span class='ocrx_word' id='word_1_63' title='bbox 1155 910 1360 954; x_wconf 85' lang='lat' dir='ltr'>Amorem</span> <span class='ocrx_word' id='word_1_64' title='bbox 1392 921 1502 954; x_wconf 86' lang='lat' dir='ltr'>esse</span> <span class='ocrx_word' id='word_1_65' title='bbox 1528 908 1660 965; x_wconf 85' lang='lat' dir='ltr'>paulo</span> <span class='ocrx_word' id='word_1_66' title='bbox 1692 909 1797 953; x_wconf 84' lang='lat' dir='ltr'>ante</span> 
     </span>
     <span class='ocr_line' id='line_1_10' title="bbox 216 978 1796 1038; baseline -0.001 -13"><span class='ocrx_word' id='word_1_67' title='bbox 216 980 507 1026; x_wconf 79' lang='lat' dir='ltr'>affirmaverit</span> <span class='ocrx_word' id='word_1_68' title='bbox 537 978 710 1038; x_wconf 58' lang='grc' dir='ltr'><strong><em>(ηοῖλλά</em></strong></span> <span class='ocrx_word' id='word_1_69' title='bbox 742 998 851 1038; x_wconf 77' lang='grc' dir='ltr'><strong><em>φημι</em></strong></span> <span class='ocrx_word' id='word_1_70' title='bbox 884 982 1105 1025; x_wconf 80' lang='grc' dir='ltr'><strong><em>νεώτατον</em></strong></span> <span class='ocrx_word' id='word_1_71' title='bbox 1138 979 1283 1024; x_wconf 72' lang='grc' dir='ltr'><strong><em>αὐτὸν</em></strong></span> <span class='ocrx_word' id='word_1_72' title='bbox 1314 980 1431 1024; x_wconf 81' lang='grc' dir='ltr'><strong><em>εἶναι</em></strong></span> <span class='ocrx_word' id='word_1_73' title='bbox 1464 983 1589 1024; x_wconf 73' lang='grc' dir='ltr'><strong><em>θεῶν</em></strong></span> <span class='ocrx_word' id='word_1_74' title='bbox 1621 986 1700 1023; x_wconf 81' lang='grc' dir='ltr'>καῖ</span> <span class='ocrx_word' id='word_1_75' title='bbox 1721 978 1796 1023; x_wconf 78' lang='grc' dir='ltr'>αἐῖ</span> 
     </span>
    </p>
   </div>
   <div class='ocr_carea' id='block_1_4' title="bbox 213 1050 1796 1110">
    <p class='ocr_par' dir='ltr' id='par_1_5' title="bbox 213 1050 1796 1110">
     <span class='ocr_line' id='line_1_11' title="bbox 213 1050 1796 1110; baseline 0 -14"><span class='ocrx_word' id='word_1_76' title='bbox 213 1050 376 1109; x_wconf 86' lang='grc' dir='ltr'><strong><em>νέον“),</em></strong></span> <span class='ocrx_word' id='word_1_77' title='bbox 409 1052 665 1097; x_wconf 80' lang='lat' dir='ltr'>Gratiarum</span> <span class='ocrx_word' id='word_1_78' title='bbox 695 1055 866 1109; x_wconf 89' lang='lat' dir='ltr'>patrem</span> <span class='ocrx_word' id='word_1_79' title='bbox 898 1054 954 1098; x_wconf 93' lang='lat' dir='ltr'>ab</span> <span class='ocrx_word' id='word_1_80' title='bbox 986 1053 1139 1098; x_wconf 87' lang='lat' dir='ltr'>eodem</span> <span class='ocrx_word' id='word_1_81' title='bbox 1168 1053 1405 1110; x_wconf 81' lang='lat' dir='ltr'>Agathone</span> <span class='ocrx_word' id='word_1_82' title='bbox 1436 1052 1651 1109; x_wconf 85' lang='lat' dir='ltr'>appellari</span> <span class='ocrx_word' id='word_1_83' title='bbox 1681 1051 1796 1098; x_wconf 86' lang='lat' dir='ltr'>veri-</span> 
     </span>
    </p>
   </div>
   <div class='ocr_carea' id='block_1_5' title="bbox 121 1124 1797 1192">
    <p class='ocr_par' dir='ltr' id='par_1_6' title="bbox 121 1124 1797 1192">
     <span class='ocr_line' id='line_1_12' title="bbox 121 1124 1797 1192; baseline -0.001 -22"><span class='ocrx_word' id='word_1_84' title='bbox 121 1147 123 1149; x_wconf 96' lang='lat'>·</span> <span class='ocrx_word' id='word_1_85' title='bbox 214 1124 355 1170; x_wconf 87' lang='lat' dir='ltr'>simile</span> <span class='ocrx_word' id='word_1_86' title='bbox 387 1126 456 1169; x_wconf 84' lang='lat' dir='ltr'>est</span> <span class='ocrx_word' id='word_1_87' title='bbox 487 1137 628 1179; x_wconf 89' lang='lat' dir='ltr'>neque</span> <span class='ocrx_word' id='word_1_88' title='bbox 644 1137 841 1192; x_wconf 24' lang='lat' dir='ltr'>,usquam</span> <span class='ocrx_word' id='word_1_89' title='bbox 875 1125 991 1181; x_wconf 86' lang='lat' dir='ltr'>apud</span> <span class='ocrx_word' id='word_1_90' title='bbox 1011 1127 1180 1181; x_wconf 88' lang='lat' dir='ltr'>poetas,</span> <span class='ocrx_word' id='word_1_91' title='bbox 1212 1124 1329 1179; x_wconf 83' lang='lat' dir='ltr'>quod</span> <span class='ocrx_word' id='word_1_92' title='bbox 1348 1137 1430 1181; x_wconf 82' lang='lat' dir='ltr'>ego</span> <span class='ocrx_word' id='word_1_93' title='bbox 1453 1124 1625 1179; x_wconf 82' lang='lat' dir='ltr'>quidem</span> <span class='ocrx_word' id='word_1_94' title='bbox 1647 1124 1797 1179; x_wconf 86' lang='lat' dir='ltr'>sciam,</span> 
     </span>
    </p>
   </div>
   <div class='ocr_carea' id='block_1_6' title="bbox 212 1195 1796 1540">
    <p class='ocr_par' dir='ltr' id='par_1_7' title="bbox 212 1195 1796 1540">
     <span class='ocr_line' id='line_1_13' title="bbox 214 1195 1796 1254; baseline 0 -13"><span class='ocrx_word' id='word_1_95' title='bbox 214 1198 347 1242; x_wconf 87' lang='lat' dir='ltr'>Amor</span> <span class='ocrx_word' id='word_1_96' title='bbox 375 1196 629 1242; x_wconf 82' lang='lat' dir='ltr'>Gratiarum</span> <span class='ocrx_word' id='word_1_97' title='bbox 660 1199 788 1254; x_wconf 88' lang='lat' dir='ltr'>pater</span> <span class='ocrx_word' id='word_1_98' title='bbox 816 1197 1042 1244; x_wconf 86' lang='lat' dir='ltr'>invenitur</span> <span class='ocrx_word' id='word_1_99' title='bbox 1072 1209 1212 1252; x_wconf 88' lang='lat' dir='ltr'>neque</span> <span class='ocrx_word' id='word_1_100' title='bbox 1245 1209 1342 1241; x_wconf 91' lang='lat' dir='ltr'>cum</span> <span class='ocrx_word' id='word_1_101' title='bbox 1374 1196 1535 1242; x_wconf 89' lang='lat' dir='ltr'>ceteris</span> <span class='ocrx_word' id='word_1_102' title='bbox 1566 1195 1796 1243; x_wconf 88' lang='lat' dir='ltr'>vocabulis</span> 
     </span>
     <span class='ocr_line' id='line_1_14' title="bbox 214 1267 1795 1328; baseline 0 -15"><span class='ocrx_word' id='word_1_103' title='bbox 214 1282 325 1324; x_wconf 88' lang='lat' dir='ltr'>quae</span> <span class='ocrx_word' id='word_1_104' title='bbox 358 1269 626 1314; x_wconf 84' lang='lat' dir='ltr'>antecedunt</span> <span class='ocrx_word' id='word_1_105' title='bbox 664 1270 819 1328; x_wconf 79' lang='grc' dir='ltr'><strong><em>τρυφή,</em></strong></span> <span class='ocrx_word' id='word_1_106' title='bbox 859 1267 1069 1328; x_wconf 73' lang='grc' dir='ltr'><strong><em>ἁβρότης,</em></strong></span> <span class='ocrx_word' id='word_1_107' title='bbox 1101 1269 1248 1326; x_wconf 82' lang='grc' dir='ltr'><strong><em>χλιδή,</em></strong></span> <span class='ocrx_word' id='word_1_108' title='bbox 1293 1281 1407 1324; x_wconf 88' lang='lat' dir='ltr'>quae</span> <span class='ocrx_word' id='word_1_109' title='bbox 1437 1282 1510 1314; x_wconf 89' lang='lat' dir='ltr'>res</span> <span class='ocrx_word' id='word_1_110' title='bbox 1524 1303 1534 1323; x_wconf 91' lang='lat'>‚</span> <span class='ocrx_word' id='word_1_111' title='bbox 1565 1281 1654 1313; x_wconf 89' lang='lat' dir='ltr'>non</span> <span class='ocrx_word' id='word_1_112' title='bbox 1685 1269 1795 1313; x_wconf 86' lang='lat' dir='ltr'>deae</span> 
     </span>
     <span class='ocr_line' id='line_1_15' title="bbox 213 1331 1796 1402; baseline 0 -17"><span class='ocrx_word' id='word_1_113' title='bbox 213 1341 339 1395; x_wconf 85' lang='lat' dir='ltr'>sunt,</span> <span class='ocrx_word' id='word_1_114' title='bbox 381 1342 628 1397; x_wconf 83' lang='lat' dir='ltr'>congruunt</span> <span class='ocrx_word' id='word_1_115' title='bbox 657 1331 855 1386; x_wconf 76' lang='lat' dir='ltr'>Gratiae.</span> <span class='ocrx_word' id='word_1_116' title='bbox 918 1340 1006 1402; x_wconf 81' lang='lat' dir='ltr'>Sed</span> <span class='ocrx_word' id='word_1_117' title='bbox 1037 1341 1240 1385; x_wconf 90' lang='lat' dir='ltr'>Amorem</span> <span class='ocrx_word' id='word_1_118' title='bbox 1280 1352 1425 1385; x_wconf 90' lang='lat' dir='ltr'>rerum</span> <span class='ocrx_word' id='word_1_119' title='bbox 1461 1340 1796 1385; x_wconf 83' lang='lat' dir='ltr'>laetificantium</span> 
     </span>
     <span class='ocr_line' id='line_1_16' title="bbox 212 1412 1794 1467; baseline 0.001 -12"><span class='ocrx_word' id='word_1_120' title='bbox 212 1414 436 1456; x_wconf 83' lang='lat' dir='ltr'>auctorem</span> <span class='ocrx_word' id='word_1_121' title='bbox 468 1425 566 1456; x_wconf 89' lang='lat' dir='ltr'>esse</span> <span class='ocrx_word' id='word_1_122' title='bbox 594 1412 843 1467; x_wconf 80' lang='lat' dir='ltr'>Agathonis</span> <span class='ocrx_word' id='word_1_123' title='bbox 875 1412 1100 1456; x_wconf 83' lang='lat' dir='ltr'>sententia</span> <span class='ocrx_word' id='word_1_124' title='bbox 1130 1414 1212 1465; x_wconf 84' lang='lat' dir='ltr'>est,</span> <span class='ocrx_word' id='word_1_125' title='bbox 1244 1425 1375 1466; x_wconf 88' lang='lat' dir='ltr'>quam</span> <span class='ocrx_word' id='word_1_126' title='bbox 1406 1426 1504 1456; x_wconf 93' lang='lat' dir='ltr'>cum</span> <span class='ocrx_word' id='word_1_127' title='bbox 1534 1412 1630 1467; x_wconf 85' lang='lat' dir='ltr'>ipse</span> <span class='ocrx_word' id='word_1_128' title='bbox 1661 1415 1794 1467; x_wconf 89' lang='lat' dir='ltr'>poeta</span> 
     </span>
     <span class='ocr_line' id='line_1_17' title="bbox 212 1482 1794 1540; baseline 0 -12"><span class='ocrx_word' id='word_1_129' title='bbox 212 1482 273 1527; x_wconf 88' lang='lat' dir='ltr'>sit</span> <span class='ocrx_word' id='word_1_130' title='bbox 302 1482 474 1539; x_wconf 90' lang='lat' dir='ltr'>poetico</span> <span class='ocrx_word' id='word_1_131' title='bbox 506 1483 706 1529; x_wconf 82' lang='lat' dir='ltr'>sermone</span> <span class='ocrx_word' id='word_1_132' title='bbox 738 1485 927 1529; x_wconf 87' lang='lat' dir='ltr'>exornat</span> <span class='ocrx_word' id='word_1_133' title='bbox 967 1485 1099 1539; x_wconf 87' lang='lat' dir='ltr'>atque</span> <span class='ocrx_word' id='word_1_134' title='bbox 1137 1485 1309 1540; x_wconf 89' lang='lat' dir='ltr'>patrem</span> <span class='ocrx_word' id='word_1_135' title='bbox 1339 1483 1411 1529; x_wconf 91' lang='lat' dir='ltr'>hic</span> <span class='ocrx_word' id='word_1_136' title='bbox 1441 1485 1666 1528; x_wconf 86' lang='lat' dir='ltr'>auctorem</span> <span class='ocrx_word' id='word_1_137' title='bbox 1697 1483 1794 1530; x_wconf 84' lang='lat' dir='ltr'>sive</span> 
     </span>
    </p>
   </div>
   <div class='ocr_carea' id='block_1_7' title="bbox 211 1554 1791 1698">
    <p class='ocr_par' dir='ltr' id='par_1_8' title="bbox 211 1554 1791 1698">
     <span class='ocr_line' id='line_1_18' title="bbox 212 1554 610 1600; baseline 0 -1"><span class='ocrx_word' id='word_1_138' title='bbox 212 1554 462 1599; x_wconf 86' lang='lat' dir='ltr'>effectorem</span> <span class='ocrx_word' id='word_1_139' title='bbox 493 1555 610 1600; x_wconf 86' lang='lat' dir='ltr'>dicit.</span> 
     </span>
     <span class='ocr_line' id='line_1_19' title="bbox 211 1636 1791 1698; baseline 0 -16"><span class='ocrx_word' id='word_1_140' title='bbox 211 1638 328 1684; x_wconf 77' lang='lat' dir='ltr'>Plat.</span> <span class='ocrx_word' id='word_1_141' title='bbox 372 1638 426 1683; x_wconf 82' lang='lat' dir='ltr'>de</span> <span class='ocrx_word' id='word_1_142' title='bbox 466 1639 551 1696; x_wconf 85' lang='lat' dir='ltr'>leg.</span> <span class='ocrx_word' id='word_1_143' title='bbox 582 1639 668 1684; x_wconf 87' lang='lat' dir='ltr'>VII</span> <span class='ocrx_word' id='word_1_144' title='bbox 697 1653 739 1695; x_wconf 89' lang='lat' dir='ltr'>p.</span> <span class='ocrx_word' id='word_1_145' title='bbox 760 1637 920 1684; x_wconf 82' lang='lat' dir='ltr'>796B:</span> <span class='ocrx_word' id='word_1_146' title='bbox 964 1636 1084 1682; x_wconf 79' lang='grc' dir='ltr'><strong><em>άλλοέ</em></strong></span> <span class='ocrx_word' id='word_1_147' title='bbox 1129 1644 1427 1698; x_wconf 80' lang='grc' dir='ltr'><strong><em>προστακτέον</em></strong></span> <span class='ocrx_word' id='word_1_148' title='bbox 1466 1643 1702 1697; x_wconf 74' lang='grc' dir='ltr'><strong><em>μαθηταῖς</em></strong></span> <span class='ocrx_word' id='word_1_149' title='bbox 1743 1656 1791 1683; x_wconf 91' lang='grc' dir='ltr'>τε</span> 
     </span>
    </p>
   </div>
   <div class='ocr_carea' id='block_1_8' title="bbox 208 1705 1791 2509">
    <p class='ocr_par' dir='ltr' id='par_1_9' title="bbox 208 1705 1791 2509">
     <span class='ocr_line' id='line_1_20' title="bbox 213 1705 1789 1765; baseline 0.002 -14"><span class='ocrx_word' id='word_1_150' title='bbox 213 1707 310 1764; x_wconf 75' lang='grc' dir='ltr'>ἅμα</span> <span class='ocrx_word' id='word_1_151' title='bbox 343 1715 421 1752; x_wconf 80' lang='grc' dir='ltr'>καῖ</span> <span class='ocrx_word' id='word_1_152' title='bbox 450 1720 540 1761; x_wconf 82' lang='grc' dir='ltr'><strong><em>τοῖς</em></strong></span> <span class='ocrx_word' id='word_1_153' title='bbox 568 1710 841 1760; x_wconf 81' lang='grc' dir='ltr'><strong><em>διδάξουσιν,</em></strong></span> <span class='ocrx_word' id='word_1_154' title='bbox 876 1708 990 1753; x_wconf 69' lang='grc' dir='ltr'><strong><em>ὅταν</em></strong></span> <span class='ocrx_word' id='word_1_155' title='bbox 1020 1709 1214 1754; x_wconf 76' lang='grc' dir='ltr'><strong><em>ἐνταῦθ’</em></strong></span> <span class='ocrx_word' id='word_1_156' title='bbox 1236 1705 1354 1765; x_wconf 74' lang='grc' dir='ltr'><strong><em>οῗμεν</em></strong></span> <span class='ocrx_word' id='word_1_157' title='bbox 1379 1713 1469 1754; x_wconf 74' lang='grc' dir='ltr'>τῶν</span> <span class='ocrx_word' id='word_1_158' title='bbox 1498 1712 1665 1765; x_wconf 89' lang='grc' dir='ltr'><strong><em>νόμων,</em></strong></span> <span class='ocrx_word' id='word_1_159' title='bbox 1697 1721 1789 1762; x_wconf 80' lang='grc' dir='ltr'><strong><em>τοῖς</em></strong></span> 
     </span>
     <span class='ocr_line' id='line_1_21' title="bbox 209 1778 1788 1842; baseline 0.001 -17"><span class='ocrx_word' id='word_1_160' title='bbox 209 1783 292 1837; x_wconf 76' lang='grc' dir='ltr'>μὲν</span> <span class='ocrx_word' id='word_1_161' title='bbox 325 1781 480 1826; x_wconf 90' lang='grc' dir='ltr'><strong><em>πάντα</em></strong></span> <span class='ocrx_word' id='word_1_162' title='bbox 512 1780 570 1825; x_wconf 75' lang='grc' dir='ltr'>τοὶ</span> <span class='ocrx_word' id='word_1_163' title='bbox 602 1783 792 1826; x_wconf 74' lang='grc' dir='ltr'><strong><em>τοιαῦτα</em></strong></span> <span class='ocrx_word' id='word_1_164' title='bbox 825 1778 1019 1838; x_wconf 73' lang='grc' dir='ltr'><strong><em>εὐμενῶς</em></strong></span> <span class='ocrx_word' id='word_1_165' title='bbox 1052 1780 1313 1841; x_wconf 73' lang='grc' dir='ltr'><strong><em>δωρεῖσθαι,</em></strong></span> <span class='ocrx_word' id='word_1_166' title='bbox 1345 1792 1436 1835; x_wconf 85' lang='grc' dir='ltr'><strong><em>τοῖς</em></strong></span> <span class='ocrx_word' id='word_1_167' title='bbox 1468 1780 1520 1826; x_wconf 83' lang='grc' dir='ltr'>δὲ</span> <span class='ocrx_word' id='word_1_168' title='bbox 1551 1781 1788 1842; x_wconf 90' lang='grc' dir='ltr'><strong><em>παραλαμ-</em></strong></span> 
     </span>
     <span class='ocr_line' id='line_1_22' title="bbox 209 1853 1791 1912; baseline 0.003 -17"><span class='ocrx_word' id='word_1_169' title='bbox 209 1854 371 1904; x_wconf 82' lang='grc' dir='ltr'><strong><em>βάνειν</em></strong></span> <span class='ocrx_word' id='word_1_170' title='bbox 402 1853 451 1896; x_wconf 74' lang='grc' dir='ltr'>ἐν</span> <span class='ocrx_word' id='word_1_171' title='bbox 471 1854 660 1911; x_wconf 79' lang='grc' dir='ltr'><strong><em>χάρισιν.</em></strong></span> <span class='ocrx_word' id='word_1_172' title='bbox 697 1878 753 1884; x_wconf 91' lang='grc'>-</span> <span class='ocrx_word' id='word_1_173' title='bbox 786 1854 1172 1911; x_wconf 80' lang='grc' dir='ltr'><strong><em>παραλαμβάνειν</em></strong></span> <span class='ocrx_word' id='word_1_174' title='bbox 1198 1853 1247 1897; x_wconf 74' lang='grc' dir='ltr'>ἐν</span> <span class='ocrx_word' id='word_1_175' title='bbox 1268 1855 1446 1912; x_wconf 89' lang='grc' dir='ltr'><strong><em>χάρισιν</em></strong></span> <span class='ocrx_word' id='word_1_176' title='bbox 1468 1857 1539 1898; x_wconf 79' lang='lat' dir='ltr'>est</span> <span class='ocrx_word' id='word_1_177' title='bbox 1563 1855 1791 1910; x_wconf 76' lang='lat' dir='ltr'>„accipere</span> 
     </span>
     <span class='ocr_line' id='line_1_23' title="bbox 209 1925 1683 1982; baseline 0.001 -13"><span class='ocrx_word' id='word_1_178' title='bbox 209 1926 259 1969; x_wconf 93' lang='lat' dir='ltr'>ut</span> <span class='ocrx_word' id='word_1_179' title='bbox 288 1938 380 1970; x_wconf 91' lang='lat' dir='ltr'>rem</span> <span class='ocrx_word' id='word_1_180' title='bbox 412 1938 525 1981; x_wconf 89' lang='lat' dir='ltr'>quae</span> <span class='ocrx_word' id='word_1_181' title='bbox 554 1925 671 1970; x_wconf 89' lang='lat' dir='ltr'>inter</span> <span class='ocrx_word' id='word_1_182' title='bbox 700 1938 773 1971; x_wconf 86' lang='lat' dir='ltr'>res</span> <span class='ocrx_word' id='word_1_183' title='bbox 804 1927 960 1982; x_wconf 83' lang='lat' dir='ltr'>gratas</span> <span class='ocrx_word' id='word_1_184' title='bbox 991 1926 1265 1971; x_wconf 86' lang='lat' dir='ltr'>numeranda</span> <span class='ocrx_word' id='word_1_185' title='bbox 1295 1925 1407 1971; x_wconf 87' lang='lat' dir='ltr'>est“.</span> <span class='ocrx_word' id='word_1_186' title='bbox 1470 1925 1683 1971; x_wconf 87' lang='lat' dir='ltr'>Similiter</span> 
     </span>
     <span class='ocr_line' id='line_1_24' title="bbox 211 2006 1720 2067; baseline 0 -16"><span class='ocrx_word' id='word_1_187' title='bbox 211 2007 340 2063; x_wconf 88' lang='lat' dir='ltr'>Soph.</span> <span class='ocrx_word' id='word_1_188' title='bbox 365 2009 469 2053; x_wconf 87' lang='lat' dir='ltr'>Ant.</span> <span class='ocrx_word' id='word_1_189' title='bbox 500 2006 611 2052; x_wconf 82' lang='lat'>897:</span> <span class='ocrx_word' id='word_1_190' title='bbox 643 2007 845 2051; x_wconf 74' lang='grc' dir='ltr'><strong><em>ἐλθοῦσα</em></strong></span> <span class='ocrx_word' id='word_1_191' title='bbox 876 2014 1027 2063; x_wconf 76' lang='grc' dir='ltr'><strong><em>μέντοι</em></strong></span> <span class='ocrx_word' id='word_1_192' title='bbox 1059 2009 1186 2067; x_wconf 72' lang='grc' dir='ltr'><strong><em>κάρτ’</em></strong></span> <span class='ocrx_word' id='word_1_193' title='bbox 1217 2008 1277 2052; x_wconf 78' lang='grc' dir='ltr'>ἐν</span> <span class='ocrx_word' id='word_1_194' title='bbox 1309 2007 1546 2052; x_wconf 74' lang='grc' dir='ltr'><strong><em>ἐλπίσιν</em></strong></span> <span class='ocrx_word' id='word_1_195' title='bbox 1577 2015 1720 2067; x_wconf 72' lang='grc' dir='ltr'><strong><em>τρέφω</em></strong></span> 
     </span>
     <span class='ocr_line' id='line_1_25' title="bbox 353 2076 1498 2138; baseline 0.003 -16"><span class='ocrx_word' id='word_1_196' title='bbox 353 2079 456 2137; x_wconf 80' lang='grc' dir='ltr'><strong><em>φίλη</em></strong></span> <span class='ocrx_word' id='word_1_197' title='bbox 487 2082 571 2135; x_wconf 81' lang='grc' dir='ltr'>μὲν</span> <span class='ocrx_word' id='word_1_198' title='bbox 600 2076 725 2137; x_wconf 72' lang='grc' dir='ltr'><strong><em>ἥξειν</em></strong></span> <span class='ocrx_word' id='word_1_199' title='bbox 758 2087 910 2137; x_wconf 89' lang='grc' dir='ltr'><strong><em>πατρί,</em></strong></span> <span class='ocrx_word' id='word_1_200' title='bbox 944 2079 1188 2138; x_wconf 78' lang='grc' dir='ltr'><strong><em>προσφιλής</em></strong></span> <span class='ocrx_word' id='word_1_201' title='bbox 1221 2079 1272 2122; x_wconf 80' lang='grc' dir='ltr'>δὲ</span> <span class='ocrx_word' id='word_1_202' title='bbox 1302 2087 1375 2122; x_wconf 93' lang='grc' dir='ltr'>σοί</span> <span class='ocrx_word' id='word_1_203' title='bbox 1402 2113 1413 2124; x_wconf 91' lang='grc'><strong>.</strong></span> <span class='ocrx_word' id='word_1_204' title='bbox 1445 2114 1455 2125; x_wconf 90' lang='grc'><strong>.</strong></span> <span class='ocrx_word' id='word_1_205' title='bbox 1488 2115 1498 2125; x_wconf 91' lang='grc'><strong>.</strong></span> 
     </span>
     <span class='ocr_line' id='line_1_26' title="bbox 214 2162 1789 2220; baseline 0.001 -13"><span class='ocrx_word' id='word_1_206' title='bbox 214 2162 356 2218; x_wconf 83' lang='lat' dir='ltr'>„quod</span> <span class='ocrx_word' id='word_1_207' title='bbox 397 2175 546 2208; x_wconf 90' lang='lat' dir='ltr'>caram</span> <span class='ocrx_word' id='word_1_208' title='bbox 585 2162 703 2219; x_wconf 86' lang='lat' dir='ltr'>patri</span> <span class='ocrx_word' id='word_1_209' title='bbox 743 2176 811 2208; x_wconf 90' lang='lat' dir='ltr'>me</span> <span class='ocrx_word' id='word_1_210' title='bbox 851 2165 1084 2209; x_wconf 87' lang='lat' dir='ltr'>venturam</span> <span class='ocrx_word' id='word_1_211' title='bbox 1116 2175 1215 2208; x_wconf 91' lang='lat' dir='ltr'>esse</span> <span class='ocrx_word' id='word_1_212' title='bbox 1256 2164 1362 2219; x_wconf 87' lang='lat' dir='ltr'>puto</span> <span class='ocrx_word' id='word_1_213' title='bbox 1394 2162 1440 2207; x_wconf 88' lang='lat' dir='ltr'>id</span> <span class='ocrx_word' id='word_1_214' title='bbox 1470 2164 1644 2209; x_wconf 83' lang='lat' dir='ltr'>utrem</span> <span class='ocrx_word' id='word_1_215' title='bbox 1674 2177 1789 2220; x_wconf 90' lang='lat' dir='ltr'>quae</span> 
     </span>
     <span class='ocr_line' id='line_1_27' title="bbox 208 2233 1790 2292; baseline 0.002 -13"><span class='ocrx_word' id='word_1_216' title='bbox 208 2233 326 2278; x_wconf 86' lang='lat' dir='ltr'>inter</span> <span class='ocrx_word' id='word_1_217' title='bbox 365 2248 438 2280; x_wconf 89' lang='lat' dir='ltr'>res</span> <span class='ocrx_word' id='word_1_218' title='bbox 478 2235 525 2280; x_wconf 91' lang='lat' dir='ltr'>in</span> <span class='ocrx_word' id='word_1_219' title='bbox 565 2248 686 2292; x_wconf 88' lang='lat' dir='ltr'>spem</span> <span class='ocrx_word' id='word_1_220' title='bbox 717 2248 785 2280; x_wconf 90' lang='lat' dir='ltr'>me</span> <span class='ocrx_word' id='word_1_221' title='bbox 816 2235 1086 2280; x_wconf 87' lang='lat' dir='ltr'>adducentes</span> <span class='ocrx_word' id='word_1_222' title='bbox 1127 2235 1399 2280; x_wconf 82' lang='lat' dir='ltr'>numeranda</span> <span class='ocrx_word' id='word_1_223' title='bbox 1447 2238 1519 2280; x_wconf 88' lang='lat' dir='ltr'>est</span> <span class='ocrx_word' id='word_1_224' title='bbox 1550 2236 1665 2282; x_wconf 84' lang='lat' dir='ltr'>alo“.</span> <span class='ocrx_word' id='word_1_225' title='bbox 1727 2237 1790 2282; x_wconf 86' lang='lat' dir='ltr'>Ut</span> 
     </span>
     <span class='ocr_line' id='line_1_28' title="bbox 210 2306 1790 2366; baseline 0.003 -16"><span class='ocrx_word' id='word_1_226' title='bbox 210 2306 331 2359; x_wconf 52' lang='lat' dir='ltr'>haec¹</span> <span class='ocrx_word' id='word_1_227' title='bbox 359 2308 500 2354; x_wconf 88' lang='lat' dir='ltr'>verba</span> <span class='ocrx_word' id='word_1_228' title='bbox 538 2307 654 2353; x_wconf 88' lang='lat' dir='ltr'>idem</span> <span class='ocrx_word' id='word_1_229' title='bbox 694 2308 847 2355; x_wconf 85' lang='lat' dir='ltr'>valent</span> <span class='ocrx_word' id='word_1_230' title='bbox 887 2320 940 2353; x_wconf 86' lang='lat' dir='ltr'>ac</span> <span class='ocrx_word' id='word_1_231' title='bbox 984 2320 1129 2364; x_wconf 86' lang='lat' dir='ltr'>„spem</span> <span class='ocrx_word' id='word_1_232' title='bbox 1172 2307 1242 2352; x_wconf 89' lang='lat' dir='ltr'>alo</span> <span class='ocrx_word' id='word_1_233' title='bbox 1279 2307 1375 2353; x_wconf 86' lang='lat' dir='ltr'>sive</span> <span class='ocrx_word' id='word_1_234' title='bbox 1411 2320 1540 2364; x_wconf 87' lang='lat' dir='ltr'>spero</span> <span class='ocrx_word' id='word_1_235' title='bbox 1571 2322 1640 2354; x_wconf 89' lang='lat' dir='ltr'>me</span> <span class='ocrx_word' id='word_1_236' title='bbox 1670 2310 1790 2366; x_wconf 84' lang='lat' dir='ltr'>patri</span> 
     </span>
     <span class='ocr_line' id='line_1_29' title="bbox 210 2379 1789 2437; baseline 0.003 -16"><span class='ocrx_word' id='word_1_237' title='bbox 210 2390 357 2423; x_wconf 84' lang='lat' dir='ltr'>caram</span> <span class='ocrx_word' id='word_1_238' title='bbox 399 2382 633 2425; x_wconf 86' lang='lat' dir='ltr'>venturam</span> <span class='ocrx_word' id='word_1_239' title='bbox 674 2380 816 2434; x_wconf 87' lang='lat' dir='ltr'>esse“‚</span> <span class='ocrx_word' id='word_1_240' title='bbox 862 2380 927 2424; x_wconf 83' lang='lat' dir='ltr'>ita</span> <span class='ocrx_word' id='word_1_241' title='bbox 967 2380 1089 2425; x_wconf 86' lang='lat' dir='ltr'>locus</span> <span class='ocrx_word' id='word_1_242' title='bbox 1129 2379 1205 2424; x_wconf 84' lang='lat' dir='ltr'>ille</span> <span class='ocrx_word' id='word_1_243' title='bbox 1256 2380 1513 2425; x_wconf 89' lang='lat' dir='ltr'>Platonicus</span> <span class='ocrx_word' id='word_1_244' title='bbox 1565 2381 1789 2437; x_wconf 82' lang='lat' dir='ltr'>significat</span> 
     </span>
     <span class='ocr_line' id='line_1_30' title="bbox 213 2449 1643 2509; baseline 0.003 -16"><span class='ocrx_word' id='word_1_245' title='bbox 213 2449 439 2506; x_wconf 87' lang='lat' dir='ltr'>„accipere</span> <span class='ocrx_word' id='word_1_246' title='bbox 476 2454 526 2497; x_wconf 90' lang='lat' dir='ltr'>ut</span> <span class='ocrx_word' id='word_1_247' title='bbox 557 2464 648 2497; x_wconf 89' lang='lat' dir='ltr'>rem</span> <span class='ocrx_word' id='word_1_248' title='bbox 679 2451 896 2509; x_wconf 87' lang='lat' dir='ltr'>gratam“,</span> <span class='ocrx_word' id='word_1_249' title='bbox 926 2451 954 2497; x_wconf 90' lang='lat' dir='ltr'>i.</span> <span class='ocrx_word' id='word_1_250' title='bbox 985 2465 1022 2497; x_wconf 90' lang='lat' dir='ltr'>e.</span> <span class='ocrx_word' id='word_1_251' title='bbox 1052 2451 1184 2497; x_wconf 84' lang='lat' dir='ltr'>laetis</span> <span class='ocrx_word' id='word_1_252' title='bbox 1216 2454 1261 2496; x_wconf 90' lang='lat' dir='ltr'>et</span> <span class='ocrx_word' id='word_1_253' title='bbox 1293 2451 1437 2509; x_wconf 81' lang='lat' dir='ltr'>gratis</span> <span class='ocrx_word' id='word_1_254' title='bbox 1469 2452 1643 2498; x_wconf 86' lang='lat' dir='ltr'>animis.</span> 
     </span>
    </p>
   </div>
   <div class='ocr_carea' id='block_1_9' title="bbox 207 2601 1787 2956">
    <p class='ocr_par' dir='ltr' id='par_1_10' title="bbox 207 2601 1787 2824">
     <span class='ocr_line' id='line_1_31' title="bbox 328 2601 1787 2667; baseline 0.003 -16"><span class='ocrx_word' id='word_1_255' title='bbox 328 2601 454 2651; x_wconf 80' lang='lat' dir='ltr'>Hanc</span> <span class='ocrx_word' id='word_1_256' title='bbox 473 2608 678 2653; x_wconf 86' lang='lat' dir='ltr'>vocabuli</span> <span class='ocrx_word' id='word_1_257' title='bbox 706 2608 835 2667; x_wconf 78' lang='grc' dir='ltr'><strong><em>χάρις</em></strong></span> <span class='ocrx_word' id='word_1_258' title='bbox 867 2607 1230 2665; x_wconf 83' lang='lat' dir='ltr'>significationem</span> <span class='ocrx_word' id='word_1_259' title='bbox 1261 2608 1547 2666; x_wconf 86' lang='lat' dir='ltr'>principalem</span> <span class='ocrx_word' id='word_1_260' title='bbox 1577 2610 1643 2655; x_wconf 88' lang='lat' dir='ltr'>rei</span> <span class='ocrx_word' id='word_1_261' title='bbox 1673 2623 1787 2665; x_wconf 86' lang='lat' dir='ltr'>quae</span> 
     </span>
     <span class='ocr_line' id='line_1_32' title="bbox 207 2674 1716 2736; baseline 0.006 -19"><span class='ocrx_word' id='word_1_262' title='bbox 207 2674 420 2721; x_wconf 84' lang='lat' dir='ltr'>laetitiam</span> <span class='ocrx_word' id='word_1_263' title='bbox 454 2677 592 2723; x_wconf 83' lang='lat' dir='ltr'>efficit</span> <span class='ocrx_word' id='word_1_264' title='bbox 621 2680 909 2736; x_wconf 81' lang='lat' dir='ltr'>respicientes</span> <span class='ocrx_word' id='word_1_265' title='bbox 940 2680 1173 2726; x_wconf 88' lang='lat' dir='ltr'>nonnullos</span> <span class='ocrx_word' id='word_1_266' title='bbox 1204 2680 1545 2736; x_wconf 83' lang='lat' dir='ltr'>interpretemur</span> <span class='ocrx_word' id='word_1_267' title='bbox 1574 2682 1716 2726; x_wconf 88' lang='lat' dir='ltr'>locos:</span> 
     </span>
     <span class='ocr_line' id='line_1_33' title="bbox 207 2756 1198 2824; baseline 0.006 -24"><span class='ocrx_word' id='word_1_268' title='bbox 207 2756 331 2802; x_wconf 89' lang='lat' dir='ltr'>Pind.</span> <span class='ocrx_word' id='word_1_269' title='bbox 361 2758 411 2803; x_wconf 90' lang='lat' dir='ltr'>P.</span> <span class='ocrx_word' id='word_1_270' title='bbox 443 2758 512 2814; x_wconf 90' lang='grc'>11,</span> <span class='ocrx_word' id='word_1_271' title='bbox 545 2761 623 2806; x_wconf 86' lang='lat'>58:</span> <span class='ocrx_word' id='word_1_272' title='bbox 658 2797 667 2808; x_wconf 93' lang='lat'><strong>.</strong></span> <span class='ocrx_word' id='word_1_273' title='bbox 700 2798 710 2809; x_wconf 90' lang='lat'><strong><em>.</em></strong></span> <span class='ocrx_word' id='word_1_274' title='bbox 743 2798 753 2809; x_wconf 92' lang='lat'><strong>.</strong></span> <span class='ocrx_word' id='word_1_275' title='bbox 783 2764 1034 2824; x_wconf 78' lang='grc' dir='ltr'><strong><em>γλυκυτάτᾳ</em></strong></span> <span class='ocrx_word' id='word_1_276' title='bbox 1065 2766 1198 2823; x_wconf 80' lang='grc' dir='ltr'><strong><em>γενεᾷ</em></strong></span> 
     </span>
    </p>

    <p class='ocr_par' dir='ltr' id='par_1_11' title="bbox 350 2827 1439 2896">
     <span class='ocr_line' id='line_1_34' title="bbox 350 2827 1439 2896; baseline 0.007 -24"><span class='ocrx_word' id='word_1_277' title='bbox 350 2827 576 2888; x_wconf 74' lang='grc' dir='ltr'><strong><em>εὕῶνυμον</em></strong></span> <span class='ocrx_word' id='word_1_278' title='bbox 607 2835 808 2880; x_wconf 83' lang='grc' dir='ltr'><strong><em>κτεάνων</em></strong></span> <span class='ocrx_word' id='word_1_279' title='bbox 839 2844 1080 2896; x_wconf 77' lang='grc' dir='ltr'><strong><em>κρατίσταν</em></strong></span> <span class='ocrx_word' id='word_1_280' title='bbox 1110 2837 1246 2895; x_wconf 88' lang='grc' dir='ltr'><strong><em>χάριν</em></strong></span> <span class='ocrx_word' id='word_1_281' title='bbox 1278 2837 1439 2896; x_wconf 79' lang='grc' dir='ltr'><strong><em>πορών.</em></strong></span> 
     </span>
    </p>

    <p class='ocr_par' dir='ltr' id='par_1_12' title="bbox 1517 2919 1566 2956">
     <span class='ocr_line' id='line_1_35' title="bbox 1517 2919 1566 2956; baseline 0 -12"><span class='ocrx_word' id='word_1_282' title='bbox 1517 2919 1566 2956; x_wconf 63' lang='grc'>3*</span> 
     </span>
    </p>
   </div>
  </div>
 </body>
</html>
