<?xml version="1.0" encoding="UTF-8"?>
<!DOCTYPE html PUBLIC "-//W3C//DTD XHTML 1.0 Transitional//EN"
    "http://www.w3.org/TR/xhtml1/DTD/xhtml1-transitional.dtd">
<html xmlns="http://www.w3.org/1999/xhtml" xml:lang="en" lang="en">
 <head>
  <title>
</title>
<meta http-equiv="Content-Type" content="text/html;charset=utf-8" />
  <meta name='ocr-system' content='tesseract 3.04.00' />
  <meta name='ocr-capabilities' content='ocr_page ocr_carea ocr_par ocr_line ocrx_word'/>
</head>
<body>
  <div class='ocr_page' id='page_1' title='image "./4630583_0056.png"; bbox 0 0 2001 3296; ppageno 0'>
   <div class='ocr_carea' id='block_1_1' title="bbox 842 246 1141 293">
    <p class='ocr_par' dir='ltr' id='par_1_1' title="bbox 842 246 1141 293">
     <span class='ocr_line' id='line_1_1' title="bbox 842 246 1141 293; baseline 0 -12"><span class='ocrx_word' id='word_1_1' title='bbox 842 246 1141 293; x_wconf 80' lang='grc'>-46-</span> 
     </span>
    </p>
   </div>
   <div class='ocr_carea' id='block_1_2' title="bbox 191 378 1784 1441">
    <p class='ocr_par' dir='ltr' id='par_1_2' title="bbox 191 378 1784 1441">
     <span class='ocr_line' id='line_1_2' title="bbox 193 378 1781 439; baseline -0.001 -14"><span class='ocrx_word' id='word_1_2' title='bbox 193 380 358 426; x_wconf 89' lang='lat' dir='ltr'><strong>homini</strong></span> <span class='ocrx_word' id='word_1_3' title='bbox 389 380 561 426; x_wconf 82' lang='lat' dir='ltr'><strong>Graeco</strong></span> <span class='ocrx_word' id='word_1_4' title='bbox 593 379 743 439; x_wconf 79' lang='grc' dir='ltr'><strong><em>χάρις,</em></strong></span> <span class='ocrx_word' id='word_1_5' title='bbox 790 380 818 426; x_wconf 91' lang='lat' dir='ltr'><strong>i.</strong></span> <span class='ocrx_word' id='word_1_6' title='bbox 849 393 887 426; x_wconf 90' lang='lat' dir='ltr'><strong>e.</strong></span> <span class='ocrx_word' id='word_1_7' title='bbox 918 393 991 425; x_wconf 88' lang='lat' dir='ltr'><strong>res</strong></span> <span class='ocrx_word' id='word_1_8' title='bbox 1021 379 1320 436; x_wconf 83' lang='lat' dir='ltr'><strong>laetificatrix,</strong></span> <span class='ocrx_word' id='word_1_9' title='bbox 1362 381 1470 435; x_wconf 85' lang='lat' dir='ltr'><strong>erat,</strong></span> <span class='ocrx_word' id='word_1_10' title='bbox 1513 379 1554 424; x_wconf 93' lang='lat' dir='ltr'><strong>ei</strong></span> <span class='ocrx_word' id='word_1_11' title='bbox 1585 378 1781 426; x_wconf 86' lang='lat' dir='ltr'><strong>divinam</strong></span> 
     </span>
     <span class='ocr_line' id='line_1_3' title="bbox 193 452 1779 510; baseline -0.002 -11"><span class='ocrx_word' id='word_1_12' title='bbox 193 454 296 507; x_wconf 90' lang='lat' dir='ltr'><strong>vim,</strong></span> <span class='ocrx_word' id='word_1_13' title='bbox 328 453 453 498; x_wconf 88' lang='lat' dir='ltr'><strong>cuius</strong></span> <span class='ocrx_word' id='word_1_14' title='bbox 485 452 730 497; x_wconf 79' lang='lat' dir='ltr'><strong>effectrices</strong></span> <span class='ocrx_word' id='word_1_15' title='bbox 763 453 872 497; x_wconf 89' lang='lat' dir='ltr'><strong>deas</strong></span> <span class='ocrx_word' id='word_1_16' title='bbox 904 452 1076 508; x_wconf 89' lang='lat' dir='ltr'><strong>accepit</strong></span> <span class='ocrx_word' id='word_1_17' title='bbox 1105 452 1327 510; x_wconf 78' lang='grc' dir='ltr'><strong><em>Χάριτας,</em></strong></span> <span class='ocrx_word' id='word_1_18' title='bbox 1359 453 1506 498; x_wconf 87' lang='lat' dir='ltr'><strong>inesse</strong></span> <span class='ocrx_word' id='word_1_19' title='bbox 1536 452 1779 506; x_wconf 82' lang='lat' dir='ltr'><strong>intellexit3</strong></span> 
     </span>
     <span class='ocr_line' id='line_1_4' title="bbox 193 523 1782 581; baseline -0.001 -11"><span class='ocrx_word' id='word_1_20' title='bbox 193 524 417 571; x_wconf 83' lang='lat' dir='ltr'><strong>nonnullis</strong></span> <span class='ocrx_word' id='word_1_21' title='bbox 449 524 557 570; x_wconf 91' lang='lat' dir='ltr'><strong>locis</strong></span> <span class='ocrx_word' id='word_1_22' title='bbox 590 523 785 570; x_wconf 90' lang='lat' dir='ltr'><strong>dubitari</strong></span> <span class='ocrx_word' id='word_1_23' title='bbox 815 525 978 581; x_wconf 90' lang='lat' dir='ltr'><strong>potest,</strong></span> <span class='ocrx_word' id='word_1_24' title='bbox 1018 525 1166 570; x_wconf 88' lang='lat' dir='ltr'><strong>utrum</strong></span> <span class='ocrx_word' id='word_1_25' title='bbox 1198 526 1323 570; x_wconf 89' lang='lat' dir='ltr'><strong>certa</strong></span> <span class='ocrx_word' id='word_1_26' title='bbox 1354 523 1568 580; x_wconf 76' lang='lat' dir='ltr'><strong>quaedam</strong></span> <span class='ocrx_word' id='word_1_27' title='bbox 1600 523 1782 569; x_wconf 88' lang='lat' dir='ltr'><strong>dearum</strong></span> 
     </span>
     <span class='ocr_line' id='line_1_5' title="bbox 193 594 1784 653; baseline 0 -12"><span class='ocrx_word' id='word_1_28' title='bbox 193 597 340 653; x_wconf 81' lang='lat' dir='ltr'><strong>imago</strong></span> <span class='ocrx_word' id='word_1_29' title='bbox 387 598 594 653; x_wconf 81' lang='lat' dir='ltr'><strong>fingatur.</strong></span> <span class='ocrx_word' id='word_1_30' title='bbox 665 597 825 651; x_wconf 87' lang='lat' dir='ltr'><strong>Itaque</strong></span> <span class='ocrx_word' id='word_1_31' title='bbox 868 596 1124 641; x_wconf 80' lang='lat' dir='ltr'>Gratiarum</span> <span class='ocrx_word' id='word_1_32' title='bbox 1137 594 1173 652; x_wconf 80' lang='grc'><strong>1)</strong></span> <span class='ocrx_word' id='word_1_33' title='bbox 1223 597 1340 652; x_wconf 88' lang='lat' dir='ltr'><strong>apud</strong></span> <span class='ocrx_word' id='word_1_34' title='bbox 1386 596 1584 653; x_wconf 83' lang='lat' dir='ltr'><strong>singulos</strong></span> <span class='ocrx_word' id='word_1_35' title='bbox 1625 598 1784 652; x_wconf 74' lang='lat' dir='ltr'><strong>poetasv</strong></span> 
     </span>
     <span class='ocr_line' id='line_1_6' title="bbox 193 667 1778 727; baseline -0.001 -13"><span class='ocrx_word' id='word_1_36' title='bbox 193 671 400 714; x_wconf 90' lang='lat' dir='ltr'><strong>naturam</strong></span> <span class='ocrx_word' id='word_1_37' title='bbox 432 668 617 714; x_wconf 87' lang='lat' dir='ltr'><strong>eandem</strong></span> <span class='ocrx_word' id='word_1_38' title='bbox 649 668 745 713; x_wconf 88' lang='lat' dir='ltr'><strong>fere</strong></span> <span class='ocrx_word' id='word_1_39' title='bbox 776 681 878 713; x_wconf 89' lang='lat' dir='ltr'><strong>esse</strong></span> <span class='ocrx_word' id='word_1_40' title='bbox 910 680 1041 724; x_wconf 89' lang='lat' dir='ltr'><strong>quam</strong></span> <span class='ocrx_word' id='word_1_41' title='bbox 1066 667 1273 714; x_wconf 79' lang='lat' dir='ltr'><strong>vocabuli</strong></span> <span class='ocrx_word' id='word_1_42' title='bbox 1293 667 1425 727; x_wconf 79' lang='grc' dir='ltr'><em>χάρις</em></span> <span class='ocrx_word' id='word_1_43' title='bbox 1457 668 1571 725; x_wconf 89' lang='lat' dir='ltr'><strong>apud</strong></span> <span class='ocrx_word' id='word_1_44' title='bbox 1604 667 1778 713; x_wconf 89' lang='lat' dir='ltr'><strong>eosdem</strong></span> 
     </span>
     <span class='ocr_line' id='line_1_7' title="bbox 192 740 1781 798; baseline -0.001 -12"><span class='ocrx_word' id='word_1_45' title='bbox 192 741 281 787; x_wconf 88' lang='lat' dir='ltr'><strong>vim</strong></span> <span class='ocrx_word' id='word_1_46' title='bbox 314 741 660 798; x_wconf 89' lang='lat' dir='ltr'><strong>exspectandum</strong></span> <span class='ocrx_word' id='word_1_47' title='bbox 692 742 776 795; x_wconf 88' lang='lat' dir='ltr'><strong>est,</strong></span> <span class='ocrx_word' id='word_1_48' title='bbox 809 740 895 785; x_wconf 92' lang='lat' dir='ltr'><strong>nisi</strong></span> <span class='ocrx_word' id='word_1_49' title='bbox 926 741 1041 795; x_wconf 89' lang='lat' dir='ltr'><strong>quod</strong></span> <span class='ocrx_word' id='word_1_50' title='bbox 1072 740 1202 784; x_wconf 88' lang='lat' dir='ltr'><strong>huius</strong></span> <span class='ocrx_word' id='word_1_51' title='bbox 1235 741 1507 786; x_wconf 81' lang='lat' dir='ltr'><strong>substantivi</strong></span> <span class='ocrx_word' id='word_1_52' title='bbox 1538 740 1658 785; x_wconf 93' lang='lat' dir='ltr'><strong>notio</strong></span> <span class='ocrx_word' id='word_1_53' title='bbox 1688 743 1781 785; x_wconf 86' lang='lat' dir='ltr'><strong>tam</strong></span> 
     </span>
     <span class='ocr_line' id='line_1_8' title="bbox 193 811 1780 868; baseline -0.001 -11"><span class='ocrx_word' id='word_1_54' title='bbox 193 815 320 857; x_wconf 88' lang='lat' dir='ltr'><strong>certa</strong></span> <span class='ocrx_word' id='word_1_55' title='bbox 352 825 406 857; x_wconf 91' lang='lat' dir='ltr'><strong>ac</strong></span> <span class='ocrx_word' id='word_1_56' title='bbox 437 812 772 868; x_wconf 84' lang='lat' dir='ltr'><strong>circumscripta</strong></span> <span class='ocrx_word' id='word_1_57' title='bbox 802 824 933 866; x_wconf 88' lang='lat' dir='ltr'><strong>quam</strong></span> <span class='ocrx_word' id='word_1_58' title='bbox 954 811 1211 856; x_wconf 82' lang='lat' dir='ltr'><strong>Gratiarum</strong></span> <span class='ocrx_word' id='word_1_59' title='bbox 1242 811 1362 855; x_wconf 89' lang='lat' dir='ltr'><strong>notio</strong></span> <span class='ocrx_word' id='word_1_60' title='bbox 1394 824 1495 856; x_wconf 88' lang='lat' dir='ltr'><strong>esse</strong></span> <span class='ocrx_word' id='word_1_61' title='bbox 1527 825 1614 857; x_wconf 92' lang='lat' dir='ltr'><strong>non</strong></span> <span class='ocrx_word' id='word_1_62' title='bbox 1635 813 1780 868; x_wconf 91' lang='lat' dir='ltr'><strong>debet,</strong></span> 
     </span>
     <span class='ocr_line' id='line_1_9' title="bbox 192 883 1778 941; baseline 0 -12"><span class='ocrx_word' id='word_1_63' title='bbox 192 897 318 940; x_wconf 90' lang='lat' dir='ltr'><strong>quae,</strong></span> <span class='ocrx_word' id='word_1_64' title='bbox 356 898 453 929; x_wconf 91' lang='lat' dir='ltr'><strong>cum</strong></span> <span class='ocrx_word' id='word_1_65' title='bbox 485 886 611 929; x_wconf 86' lang='lat' dir='ltr'><strong>certa</strong></span> <span class='ocrx_word' id='word_1_66' title='bbox 641 883 787 941; x_wconf 85' lang='lat' dir='ltr'><strong>imago</strong></span> <span class='ocrx_word' id='word_1_67' title='bbox 819 886 1028 939; x_wconf 85' lang='lat' dir='ltr'><strong>certaque</strong></span> <span class='ocrx_word' id='word_1_68' title='bbox 1061 896 1227 928; x_wconf 91' lang='lat' dir='ltr'><strong>morum</strong></span> <span class='ocrx_word' id='word_1_69' title='bbox 1257 885 1420 928; x_wconf 88' lang='lat' dir='ltr'><strong>natura</strong></span> <span class='ocrx_word' id='word_1_70' title='bbox 1451 896 1549 928; x_wconf 92' lang='lat' dir='ltr'><strong>cum</strong></span> <span class='ocrx_word' id='word_1_71' title='bbox 1578 884 1778 940; x_wconf 89' lang='lat' dir='ltr'><strong>personis</strong></span> 
     </span>
     <span class='ocr_line' id='line_1_10' title="bbox 192 949 1780 1014; baseline -0.001 -12"><span class='ocrx_word' id='word_1_72' title='bbox 192 949 510 1014; x_wconf 81' lang='lat' dir='ltr'><strong>coniungatur,</strong></span> <span class='ocrx_word' id='word_1_73' title='bbox 562 956 679 1013; x_wconf 88' lang='lat' dir='ltr'><strong>apud</strong></span> <span class='ocrx_word' id='word_1_74' title='bbox 726 957 913 1002; x_wconf 90' lang='lat' dir='ltr'><strong>eundem</strong></span> <span class='ocrx_word' id='word_1_75' title='bbox 965 959 1140 1013; x_wconf 85' lang='lat' dir='ltr'><strong>poetam</strong></span> <span class='ocrx_word' id='word_1_76' title='bbox 1187 956 1316 1001; x_wconf 89' lang='lat' dir='ltr'><strong>nimis</strong></span> <span class='ocrx_word' id='word_1_77' title='bbox 1363 956 1491 1002; x_wconf 89' lang='lat' dir='ltr'><strong>varia</strong></span> <span class='ocrx_word' id='word_1_78' title='bbox 1542 969 1640 1002; x_wconf 90' lang='lat' dir='ltr'><strong>esse</strong></span> <span class='ocrx_word' id='word_1_79' title='bbox 1692 970 1780 1002; x_wconf 90' lang='lat' dir='ltr'><strong>non</strong></span> 
     </span>
     <span class='ocr_line' id='line_1_11' title="bbox 192 1022 1779 1085; baseline -0.001 -11"><span class='ocrx_word' id='word_1_80' title='bbox 192 1031 353 1085; x_wconf 91' lang='lat' dir='ltr'><strong>potest.</strong></span> <span class='ocrx_word' id='word_1_81' title='bbox 422 1029 576 1084; x_wconf 81' lang='lat' dir='ltr'><strong>Neque</strong></span> <span class='ocrx_word' id='word_1_82' title='bbox 618 1042 717 1073; x_wconf 86' lang='lat' dir='ltr'><strong>eam</strong></span> <span class='ocrx_word' id='word_1_83' title='bbox 759 1022 877 1084; x_wconf 89' lang='lat' dir='ltr'><strong>apud</strong></span> <span class='ocrx_word' id='word_1_84' title='bbox 920 1029 1053 1073; x_wconf 90' lang='lat' dir='ltr'><strong>alium</strong></span> <span class='ocrx_word' id='word_1_85' title='bbox 1094 1030 1270 1084; x_wconf 89' lang='lat' dir='ltr'><strong>poetam</strong></span> <span class='ocrx_word' id='word_1_86' title='bbox 1312 1028 1442 1073; x_wconf 89' lang='lat' dir='ltr'><strong>aliam</strong></span> <span class='ocrx_word' id='word_1_87' title='bbox 1485 1041 1584 1073; x_wconf 91' lang='lat' dir='ltr'><strong>esse</strong></span> <span class='ocrx_word' id='word_1_88' title='bbox 1625 1029 1779 1073; x_wconf 88' lang='lat' dir='ltr'><strong>mirum</strong></span> 
     </span>
     <span class='ocr_line' id='line_1_12' title="bbox 191 1099 1778 1155; baseline -0.001 -10"><span class='ocrx_word' id='word_1_89' title='bbox 191 1103 263 1146; x_wconf 91' lang='lat' dir='ltr'><strong>est</strong></span> <span class='ocrx_word' id='word_1_90' title='bbox 276 1136 286 1155; x_wconf 93' lang='lat'>,</span> <span class='ocrx_word' id='word_1_91' title='bbox 334 1099 550 1155; x_wconf 87' lang='lat' dir='ltr'><strong>siquidem</strong></span> <span class='ocrx_word' id='word_1_92' title='bbox 592 1099 698 1155; x_wconf 91' lang='lat' dir='ltr'><strong>quid</strong></span> <span class='ocrx_word' id='word_1_93' title='bbox 738 1112 897 1144; x_wconf 91' lang='lat' dir='ltr'><strong>nomen</strong></span> <span class='ocrx_word' id='word_1_94' title='bbox 943 1101 1122 1145; x_wconf 89' lang='lat' dir='ltr'><strong>dearum</strong></span> <span class='ocrx_word' id='word_1_95' title='bbox 1171 1099 1392 1155; x_wconf 87' lang='lat' dir='ltr'><strong>significet</strong></span> <span class='ocrx_word' id='word_1_96' title='bbox 1438 1099 1778 1144; x_wconf 82' lang='lat' dir='ltr'><strong>consideramus.</strong></span> 
     </span>
     <span class='ocr_line' id='line_1_13' title="bbox 192 1171 1779 1230; baseline -0.001 -15"><span class='ocrx_word' id='word_1_97' title='bbox 192 1171 405 1216; x_wconf 88' lang='lat' dir='ltr'><strong>Homines</strong></span> <span class='ocrx_word' id='word_1_98' title='bbox 452 1184 549 1215; x_wconf 90' lang='lat' dir='ltr'><strong>cum</strong></span> <span class='ocrx_word' id='word_1_99' title='bbox 597 1172 705 1216; x_wconf 86' lang='lat' dir='ltr'><strong>deas</strong></span> <span class='ocrx_word' id='word_1_100' title='bbox 751 1172 982 1230; x_wconf 74' lang='grc' dir='ltr'><strong><em>Χάριτας,</em></strong></span> <span class='ocrx_word' id='word_1_101' title='bbox 1031 1171 1136 1215; x_wconf 88' lang='lat' dir='ltr'><strong>deas</strong></span> <span class='ocrx_word' id='word_1_102' title='bbox 1183 1171 1535 1225; x_wconf 87' lang='lat' dir='ltr'><strong>laetificatrices,</strong></span> <span class='ocrx_word' id='word_1_103' title='bbox 1583 1171 1779 1215; x_wconf 89' lang='lat' dir='ltr'><strong>colerent</strong></span> 
     </span>
     <span class='ocr_line' id='line_1_14' title="bbox 192 1241 1777 1298; baseline -0.001 -11"><span class='ocrx_word' id='word_1_104' title='bbox 192 1256 345 1287; x_wconf 88' lang='lat' dir='ltr'><strong>earum</strong></span> <span class='ocrx_word' id='word_1_105' title='bbox 387 1255 531 1286; x_wconf 89' lang='lat' dir='ltr'><strong>rerum</strong></span> <span class='ocrx_word' id='word_1_106' title='bbox 575 1255 689 1297; x_wconf 87' lang='lat' dir='ltr'><strong>quae</strong></span> <span class='ocrx_word' id='word_1_107' title='bbox 731 1243 852 1298; x_wconf 89' lang='lat' dir='ltr'><strong>ipsos</strong></span> <span class='ocrx_word' id='word_1_108' title='bbox 893 1242 1069 1287; x_wconf 87' lang='lat' dir='ltr'><strong>laetitia</strong></span> <span class='ocrx_word' id='word_1_109' title='bbox 1110 1242 1368 1286; x_wconf 87' lang='lat' dir='ltr'><strong>afficiebant</strong></span> <span class='ocrx_word' id='word_1_110' title='bbox 1414 1241 1659 1287; x_wconf 83' lang='lat' dir='ltr'><strong>effectrices</strong></span> <span class='ocrx_word' id='word_1_111' title='bbox 1700 1255 1777 1286; x_wconf 90' lang='lat' dir='ltr'><strong>eas</strong></span> 
     </span>
     <span class='ocr_line' id='line_1_15' title="bbox 192 1313 1776 1369; baseline -0.001 -11"><span class='ocrx_word' id='word_1_112' title='bbox 192 1327 292 1359; x_wconf 89' lang='lat' dir='ltr'><strong>esse</strong></span> <span class='ocrx_word' id='word_1_113' title='bbox 324 1313 665 1369; x_wconf 82' lang='lat' dir='ltr'><strong>existimabant3</strong></span> <span class='ocrx_word' id='word_1_114' title='bbox 709 1314 860 1360; x_wconf 86' lang='lat' dir='ltr'><strong>variae</strong></span> <span class='ocrx_word' id='word_1_115' title='bbox 893 1316 1039 1358; x_wconf 90' lang='lat' dir='ltr'><strong>autem</strong></span> <span class='ocrx_word' id='word_1_116' title='bbox 1082 1326 1154 1358; x_wconf 89' lang='lat' dir='ltr'><strong>res</strong></span> <span class='ocrx_word' id='word_1_117' title='bbox 1186 1313 1382 1358; x_wconf 88' lang='lat' dir='ltr'><strong>homines</strong></span> <span class='ocrx_word' id='word_1_118' title='bbox 1418 1314 1561 1358; x_wconf 90' lang='lat' dir='ltr'><strong>laetos</strong></span> <span class='ocrx_word' id='word_1_119' title='bbox 1593 1314 1776 1358; x_wconf 89' lang='lat' dir='ltr'><strong>reddere</strong></span> 
     </span>
     <span class='ocr_line' id='line_1_16' title="bbox 193 1388 393 1441; baseline 0 -12"><span class='ocrx_word' id='word_1_120' title='bbox 193 1388 393 1441; x_wconf 89' lang='lat' dir='ltr'><strong>possunt.</strong></span> 
     </span>
    </p>
   </div>
   <div class='ocr_carea' id='block_1_3' title="bbox 188 1549 1782 2675">
    <p class='ocr_par' dir='ltr' id='par_1_3' title="bbox 190 1549 1782 2113">
     <span class='ocr_line' id='line_1_17' title="bbox 311 1549 1775 1608; baseline 0 -11"><span class='ocrx_word' id='word_1_121' title='bbox 311 1549 585 1606; x_wconf 90' lang='lat' dir='ltr'><strong>Orchomeni‚</strong></span> <span class='ocrx_word' id='word_1_122' title='bbox 626 1552 673 1595; x_wconf 92' lang='lat' dir='ltr'><strong>in</strong></span> <span class='ocrx_word' id='word_1_123' title='bbox 704 1551 884 1608; x_wconf 88' lang='lat' dir='ltr'><strong>regione</strong></span> <span class='ocrx_word' id='word_1_124' title='bbox 917 1551 1194 1596; x_wconf 89' lang='lat' dir='ltr'><strong>fertilissima</strong></span> <span class='ocrx_word' id='word_1_125' title='bbox 1225 1552 1348 1596; x_wconf 88' lang='lat' dir='ltr'><strong>cuius</strong></span> <span class='ocrx_word' id='word_1_126' title='bbox 1379 1552 1550 1597; x_wconf 90' lang='lat' dir='ltr'><strong>incolae</strong></span> <span class='ocrx_word' id='word_1_127' title='bbox 1581 1551 1627 1596; x_wconf 92' lang='lat' dir='ltr'><strong>in</strong></span> <span class='ocrx_word' id='word_1_128' title='bbox 1660 1553 1775 1608; x_wconf 84' lang='lat' dir='ltr'><strong>agri-</strong></span> 
     </span>
     <span class='ocr_line' id='line_1_18' title="bbox 192 1622 1775 1682; baseline 0.001 -15"><span class='ocrx_word' id='word_1_129' title='bbox 192 1623 367 1668; x_wconf 87' lang='lat' dir='ltr'><strong>cultura</strong></span> <span class='ocrx_word' id='word_1_130' title='bbox 396 1624 706 1678; x_wconf 86' lang='lat' dir='ltr'><strong>versabantur,</strong></span> <span class='ocrx_word' id='word_1_131' title='bbox 747 1622 942 1682; x_wconf 80' lang='grc' dir='ltr'><strong><em>Χοίριτες</em></strong></span> <span class='ocrx_word' id='word_1_132' title='bbox 986 1636 1041 1668; x_wconf 92' lang='lat' dir='ltr'><strong>ea</strong></span> <span class='ocrx_word' id='word_1_133' title='bbox 1071 1623 1331 1668; x_wconf 91' lang='lat' dir='ltr'><strong>colebantur</strong></span> <span class='ocrx_word' id='word_1_134' title='bbox 1372 1624 1603 1669; x_wconf 88' lang='lat' dir='ltr'><strong>numina</strong></span> <span class='ocrx_word' id='word_1_135' title='bbox 1633 1637 1775 1679; x_wconf 91' lang='lat' dir='ltr'><strong>quae</strong></span> 
     </span>
     <span class='ocr_line' id='line_1_19' title="bbox 191 1695 1774 1755; baseline 0.001 -16"><span class='ocrx_word' id='word_1_136' title='bbox 191 1696 509 1750; x_wconf 83' lang='lat' dir='ltr'><strong>praecipue</strong></span> <span class='ocrx_word' id='word_1_137' title='bbox 540 1695 744 1751; x_wconf 86' lang='lat' dir='ltr'><strong>fruges</strong></span> <span class='ocrx_word' id='word_1_138' title='bbox 776 1696 1040 1740; x_wconf 87' lang='lat' dir='ltr'><strong>donando</strong></span> <span class='ocrx_word' id='word_1_139' title='bbox 1084 1696 1383 1752; x_wconf 84' lang='lat' dir='ltr'><strong>agricolas</strong></span> <span class='ocrx_word' id='word_1_140' title='bbox 1422 1697 1617 1755; x_wconf 87' lang='lat' dir='ltr'><strong>laetos</strong></span> <span class='ocrx_word' id='word_1_141' title='bbox 1648 1697 1774 1741; x_wconf 88' lang='lat' dir='ltr'><strong>red-</strong></span> 
     </span>
     <span class='ocr_line' id='line_1_20' title="bbox 192 1763 1775 1823; baseline 0.001 -12"><span class='ocrx_word' id='word_1_142' title='bbox 192 1767 490 1822; x_wconf 82' lang='lat' dir='ltr'><strong>diderunt3</strong></span> <span class='ocrx_word' id='word_1_143' title='bbox 532 1763 782 1812; x_wconf 86' lang='lat' dir='ltr'><strong>fertilitatis</strong></span> <span class='ocrx_word' id='word_1_144' title='bbox 823 1767 961 1823; x_wconf 82' lang='lat' dir='ltr'><strong>igitur</strong></span> <span class='ocrx_word' id='word_1_145' title='bbox 1001 1767 1063 1812; x_wconf 90' lang='lat' dir='ltr'><strong>ibi</strong></span> <span class='ocrx_word' id='word_1_146' title='bbox 1101 1768 1212 1812; x_wconf 89' lang='lat' dir='ltr'><strong>deae</strong></span> <span class='ocrx_word' id='word_1_147' title='bbox 1244 1770 1371 1822; x_wconf 89' lang='lat' dir='ltr'><strong>sunt,</strong></span> <span class='ocrx_word' id='word_1_148' title='bbox 1413 1781 1542 1823; x_wconf 89' lang='lat' dir='ltr'><strong>quam</strong></span> <span class='ocrx_word' id='word_1_149' title='bbox 1587 1768 1642 1812; x_wconf 93' lang='lat' dir='ltr'><strong>ob</strong></span> <span class='ocrx_word' id='word_1_150' title='bbox 1683 1781 1775 1813; x_wconf 92' lang='lat' dir='ltr'><strong>rem</strong></span> 
     </span>
     <span class='ocr_line' id='line_1_21' title="bbox 191 1838 1782 1895; baseline 0.001 -12"><span class='ocrx_word' id='word_1_151' title='bbox 191 1846 328 1893; x_wconf 78' lang='lat' dir='ltr'><strong>saepe</strong></span> <span class='ocrx_word' id='word_1_152' title='bbox 359 1839 507 1894; x_wconf 86' lang='lat' dir='ltr'><strong>spicas</strong></span> <span class='ocrx_word' id='word_1_153' title='bbox 538 1839 583 1882; x_wconf 91' lang='lat' dir='ltr'><strong>in</strong></span> <span class='ocrx_word' id='word_1_154' title='bbox 614 1838 816 1883; x_wconf 87' lang='lat' dir='ltr'><strong>manibus</strong></span> <span class='ocrx_word' id='word_1_155' title='bbox 859 1838 1055 1883; x_wconf 87' lang='lat' dir='ltr'><strong>ferentes</strong></span> <span class='ocrx_word' id='word_1_156' title='bbox 1097 1839 1350 1895; x_wconf 86' lang='lat' dir='ltr'><strong>pinguntur.</strong></span> <span class='ocrx_word' id='word_1_157' title='bbox 1411 1840 1479 1883; x_wconf 88' lang='lat' dir='ltr'><strong>De</strong></span> <span class='ocrx_word' id='word_1_158' title='bbox 1509 1839 1594 1883; x_wconf 89' lang='lat' dir='ltr'><strong>hac</strong></span> <span class='ocrx_word' id='word_1_159' title='bbox 1625 1852 1782 1884; x_wconf 54' lang='lat' dir='ltr'><strong>earum¹</strong></span> 
     </span>
     <span class='ocr_line' id='line_1_22' title="bbox 190 1909 1775 1966; baseline 0 -11"><span class='ocrx_word' id='word_1_160' title='bbox 190 1912 354 1955; x_wconf 89' lang='lat' dir='ltr'><strong>natura</strong></span> <span class='ocrx_word' id='word_1_161' title='bbox 395 1910 557 1966; x_wconf 90' lang='lat' dir='ltr'><strong>optime</strong></span> <span class='ocrx_word' id='word_1_162' title='bbox 605 1909 815 1956; x_wconf 86' lang='lat' dir='ltr'><strong>disseruit</strong></span> <span class='ocrx_word' id='word_1_163' title='bbox 854 1910 973 1955; x_wconf 81' lang='lat' dir='ltr'><strong>Jahn</strong></span> <span class='ocrx_word' id='word_1_164' title='bbox 1020 1910 1067 1955; x_wconf 93' lang='lat' dir='ltr'><strong>in</strong></span> <span class='ocrx_word' id='word_1_165' title='bbox 1109 1911 1316 1966; x_wconf 90' lang='lat' dir='ltr'><strong>opusculo</strong></span> <span class='ocrx_word' id='word_1_166' title='bbox 1359 1910 1475 1966; x_wconf 88' lang='lat' dir='ltr'><strong>quod</strong></span> <span class='ocrx_word' id='word_1_167' title='bbox 1519 1910 1775 1956; x_wconf 86' lang='lat' dir='ltr'><strong>inscribitur</strong></span> 
     </span>
     <span class='ocr_line' id='line_1_23' title="bbox 194 1982 1769 2043; baseline 0.001 -16"><span class='ocrx_word' id='word_1_168' title='bbox 194 1983 303 2038; x_wconf 86' lang='lat' dir='ltr'><strong>„Die</strong></span> <span class='ocrx_word' id='word_1_169' title='bbox 350 1983 641 2040; x_wconf 79' lang='lat' dir='ltr'><strong>Entflihrung</strong></span> <span class='ocrx_word' id='word_1_170' title='bbox 692 1983 772 2028; x_wconf 88' lang='lat' dir='ltr'><strong>der</strong></span> <span class='ocrx_word' id='word_1_171' title='bbox 822 1982 1002 2039; x_wconf 86' lang='lat' dir='ltr'><strong>Europa</strong></span> <span class='ocrx_word' id='word_1_172' title='bbox 1054 1982 1136 2028; x_wconf 88' lang='lat' dir='ltr'><strong>auf</strong></span> <span class='ocrx_word' id='word_1_173' title='bbox 1183 1983 1367 2028; x_wconf 88' lang='lat' dir='ltr'><strong>antiken</strong></span> <span class='ocrx_word' id='word_1_174' title='bbox 1416 1982 1769 2043; x_wconf 79' lang='lat' dir='ltr'><strong>Kunstwerken“</strong></span> 
     </span>
     <span class='ocr_line' id='line_1_24' title="bbox 190 2054 1529 2113; baseline 0.001 -13"><span class='ocrx_word' id='word_1_175' title='bbox 190 2055 456 2113; x_wconf 87' lang='lat' dir='ltr'><strong>(Denkschr.</strong></span> <span class='ocrx_word' id='word_1_176' title='bbox 489 2055 529 2101; x_wconf 88' lang='lat' dir='ltr'><strong>d.</strong></span> <span class='ocrx_word' id='word_1_177' title='bbox 551 2055 693 2101; x_wconf 91' lang='lat' dir='ltr'><strong>Wien.</strong></span> <span class='ocrx_word' id='word_1_178' title='bbox 726 2055 882 2110; x_wconf 89' lang='lat' dir='ltr'><strong>Akad.‚</strong></span> <span class='ocrx_word' id='word_1_179' title='bbox 914 2057 1016 2100; x_wconf 86' lang='lat' dir='ltr'><strong>tom.</strong></span> <span class='ocrx_word' id='word_1_180' title='bbox 1038 2056 1165 2101; x_wconf 90' lang='lat' dir='ltr'>XIX.</span> <span class='ocrx_word' id='word_1_181' title='bbox 1198 2069 1300 2113; x_wconf 83' lang='lat' dir='ltr'><strong>pag.</strong></span> <span class='ocrx_word' id='word_1_182' title='bbox 1322 2054 1379 2100; x_wconf 81' lang='lat'><strong>32</strong></span> <span class='ocrx_word' id='word_1_183' title='bbox 1402 2054 1529 2113; x_wconf 89' lang='lat' dir='ltr'><strong>sqq.).</strong></span> 
     </span>
    </p>

    <p class='ocr_par' dir='ltr' id='par_1_4' title="bbox 190 2126 1775 2471">
     <span class='ocr_line' id='line_1_25' title="bbox 290 2126 1773 2186; baseline 0.001 -16"><span class='ocrx_word' id='word_1_184' title='bbox 290 2127 506 2184; x_wconf 71' lang='lat' dir='ltr'><strong>‚Frugum</strong></span> <span class='ocrx_word' id='word_1_185' title='bbox 538 2140 649 2182; x_wconf 89' lang='lat' dir='ltr'><strong>quas</strong></span> <span class='ocrx_word' id='word_1_186' title='bbox 680 2126 932 2184; x_wconf 80' lang='lat' dir='ltr'><strong>largiuntur</strong></span> <span class='ocrx_word' id='word_1_187' title='bbox 973 2128 1273 2186; x_wconf 81' lang='grc' dir='ltr'><strong><em>(χαρίζονται)</em></strong></span> <span class='ocrx_word' id='word_1_188' title='bbox 1314 2140 1419 2183; x_wconf 88' lang='lat' dir='ltr'><strong>pars</strong></span> <span class='ocrx_word' id='word_1_189' title='bbox 1460 2127 1516 2172; x_wconf 89' lang='lat' dir='ltr'><strong>iis</strong></span> <span class='ocrx_word' id='word_1_190' title='bbox 1559 2128 1615 2172; x_wconf 89' lang='lat' dir='ltr'><strong>ab</strong></span> <span class='ocrx_word' id='word_1_191' title='bbox 1658 2128 1773 2183; x_wconf 87' lang='lat' dir='ltr'><strong>agri-</strong></span> 
     </span>
     <span class='ocr_line' id='line_1_26' title="bbox 191 2197 1775 2257; baseline 0.001 -15"><span class='ocrx_word' id='word_1_192' title='bbox 191 2199 298 2243; x_wconf 90' lang='lat' dir='ltr'><strong>colis</strong></span> <span class='ocrx_word' id='word_1_193' title='bbox 329 2198 628 2244; x_wconf 87' lang='lat' dir='ltr'><strong>sacrificatur:</strong></span> <span class='ocrx_word' id='word_1_194' title='bbox 661 2199 795 2243; x_wconf 90' lang='lat' dir='ltr'><strong>schol.</strong></span> <span class='ocrx_word' id='word_1_195' title='bbox 827 2199 866 2243; x_wconf 93' lang='lat' dir='ltr'>B</span> <span class='ocrx_word' id='word_1_196' title='bbox 899 2199 957 2243; x_wconf 89' lang='lat' dir='ltr'><strong>ad</strong></span> <span class='ocrx_word' id='word_1_197' title='bbox 987 2199 1039 2244; x_wconf 91' lang='lat' dir='ltr'><strong>Il.</strong></span> <span class='ocrx_word' id='word_1_198' title='bbox 1071 2197 1112 2252; x_wconf 88' lang='grc'><strong>9,</strong></span> <span class='ocrx_word' id='word_1_199' title='bbox 1145 2197 1255 2242; x_wconf 75' lang='lat'>381:</span> <span class='ocrx_word' id='word_1_200' title='bbox 1288 2197 1402 2241; x_wconf 71' lang='grc' dir='ltr'><strong><em>πολύ</em></strong></span> <span class='ocrx_word' id='word_1_201' title='bbox 1437 2198 1488 2241; x_wconf 81' lang='grc' dir='ltr'><strong>δὲ</strong></span> <span class='ocrx_word' id='word_1_202' title='bbox 1517 2198 1657 2257; x_wconf 77' lang='grc' dir='ltr'><strong><em>τούτῳ</em></strong></span> <span class='ocrx_word' id='word_1_203' title='bbox 1690 2199 1775 2257; x_wconf 89' lang='lat' dir='ltr'><strong>(sc.</strong></span> 
     </span>
     <span class='ocr_line' id='line_1_27' title="bbox 190 2267 1775 2330; baseline 0.001 -18"><span class='ocrx_word' id='word_1_204' title='bbox 190 2267 449 2329; x_wconf 77' lang='grc' dir='ltr'><strong><em>Ὀρχομενῷ)</em></strong></span> <span class='ocrx_word' id='word_1_205' title='bbox 482 2270 758 2329; x_wconf 78' lang='grc' dir='ltr'><strong><em>παράκειται</em></strong></span> <span class='ocrx_word' id='word_1_206' title='bbox 792 2270 960 2321; x_wconf 80' lang='grc' dir='ltr'><strong><em>πεδίον,</em></strong></span> <span class='ocrx_word' id='word_1_207' title='bbox 993 2275 1037 2313; x_wconf 76' lang='grc' dir='ltr'><strong>εἰ</strong></span> <span class='ocrx_word' id='word_1_208' title='bbox 1065 2270 1224 2321; x_wconf 80' lang='grc' dir='ltr'><strong><em>πιστός</em></strong></span> <span class='ocrx_word' id='word_1_209' title='bbox 1251 2269 1370 2314; x_wconf 80' lang='grc' dir='ltr'><strong><em>ἐστιν</em></strong></span> <span class='ocrx_word' id='word_1_210' title='bbox 1380 2267 1573 2329; x_wconf 80' lang='grc' dir='ltr'><strong><em>Ἔφορος,</em></strong></span> <span class='ocrx_word' id='word_1_211' title='bbox 1607 2271 1775 2330; x_wconf 82' lang='grc' dir='ltr'><strong><em>πλῆρες</em></strong></span> 
     </span>
     <span class='ocr_line' id='line_1_28' title="bbox 192 2334 1773 2401; baseline 0.001 -18"><span class='ocrx_word' id='word_1_212' title='bbox 192 2341 370 2384; x_wconf 77' lang='grc' dir='ltr'><strong><em>πολλῶν</em></strong></span> <span class='ocrx_word' id='word_1_213' title='bbox 402 2340 611 2397; x_wconf 71' lang='grc' dir='ltr'><strong>ἀγαθῶν,</strong></span> <span class='ocrx_word' id='word_1_214' title='bbox 644 2334 706 2386; x_wconf 71' lang='grc' dir='ltr'><strong>ὧν</strong></span> <span class='ocrx_word' id='word_1_215' title='bbox 736 2352 836 2394; x_wconf 81' lang='grc' dir='ltr'><strong><em>ταῖς</em></strong></span> <span class='ocrx_word' id='word_1_216' title='bbox 867 2341 1006 2385; x_wconf 73' lang='grc' dir='ltr'><strong><em>ἐκεῖσε</em></strong></span> <span class='ocrx_word' id='word_1_217' title='bbox 1026 2347 1298 2399; x_wconf 68' lang='grc' dir='ltr'><strong><em>τιμῶμὲναις</em></strong></span> <span class='ocrx_word' id='word_1_218' title='bbox 1319 2342 1488 2401; x_wconf 81' lang='grc' dir='ltr'><em>Χάρισι</em></span> <span class='ocrx_word' id='word_1_219' title='bbox 1521 2348 1773 2398; x_wconf 82' lang='grc' dir='ltr'><strong><em>πέμπουσιν</em></strong></span> 
     </span>
     <span class='ocr_line' id='line_1_29' title="bbox 191 2416 491 2471; baseline 0.007 -16"><span class='ocrx_word' id='word_1_220' title='bbox 191 2416 232 2455; x_wconf 73' lang='grc' dir='ltr'><strong>οἱ</strong></span> <span class='ocrx_word' id='word_1_221' title='bbox 265 2420 491 2471; x_wconf 79' lang='grc' dir='ltr'><strong><em>περίοικοι.</em></strong></span> 
     </span>
    </p>

    <p class='ocr_par' dir='ltr' id='par_1_5' title="bbox 188 2485 1773 2675">
     <span class='ocr_line' id='line_1_30' title="bbox 311 2485 1772 2543; baseline 0.001 -14"><span class='ocrx_word' id='word_1_222' title='bbox 311 2485 437 2529; x_wconf 86' lang='lat' dir='ltr'><strong>Haec</strong></span> <span class='ocrx_word' id='word_1_223' title='bbox 477 2498 626 2530; x_wconf 88' lang='lat' dir='ltr'><strong>earum</strong></span> <span class='ocrx_word' id='word_1_224' title='bbox 668 2487 832 2531; x_wconf 90' lang='lat' dir='ltr'><strong>natura</strong></span> <span class='ocrx_word' id='word_1_225' title='bbox 863 2485 1126 2531; x_wconf 88' lang='lat' dir='ltr'><strong>Orchomeni</strong></span> <span class='ocrx_word' id='word_1_226' title='bbox 1167 2486 1361 2543; x_wconf 87' lang='lat' dir='ltr'><strong>genuina</strong></span> <span class='ocrx_word' id='word_1_227' title='bbox 1403 2485 1581 2533; x_wconf 88' lang='lat' dir='ltr'><strong>videtur</strong></span> <span class='ocrx_word' id='word_1_228' title='bbox 1620 2485 1772 2540; x_wconf 89' lang='lat' dir='ltr'><strong>fuisse,</strong></span> 
     </span>
     <span class='ocr_line' id='line_1_31' title="bbox 189 2557 1771 2613; baseline 0.001 -13"><span class='ocrx_word' id='word_1_229' title='bbox 189 2557 270 2601; x_wconf 89' lang='lat' dir='ltr'><strong>sed</strong></span> <span class='ocrx_word' id='word_1_230' title='bbox 311 2569 415 2601; x_wconf 93' lang='lat' dir='ltr'><strong>num</strong></span> <span class='ocrx_word' id='word_1_231' title='bbox 457 2557 644 2611; x_wconf 87' lang='lat' dir='ltr'><strong>posteris</strong></span> <span class='ocrx_word' id='word_1_232' title='bbox 675 2558 945 2613; x_wconf 87' lang='lat' dir='ltr'><strong>temporibus</strong></span> <span class='ocrx_word' id='word_1_233' title='bbox 988 2558 1142 2603; x_wconf 89' lang='lat' dir='ltr'><strong>eadem</strong></span> <span class='ocrx_word' id='word_1_234' title='bbox 1183 2558 1397 2603; x_wconf 88' lang='lat' dir='ltr'><strong>manserit</strong></span> <span class='ocrx_word' id='word_1_235' title='bbox 1438 2558 1680 2612; x_wconf 83' lang='lat' dir='ltr'><strong>nescimus3</strong></span> <span class='ocrx_word' id='word_1_236' title='bbox 1726 2557 1771 2601; x_wconf 92' lang='lat' dir='ltr'><strong>in</strong></span> 
     </span>
     <span class='ocr_line' id='line_1_32' title="bbox 188 2621 1773 2675; baseline -0.001 -3"><span class='ocrx_word' id='word_1_237' title='bbox 188 2621 371 2673; x_wconf 83' lang='lat' dir='ltr'><strong>Pindari</strong></span> <span class='ocrx_word' id='word_1_238' title='bbox 414 2630 535 2672; x_wconf 88' lang='lat' dir='ltr'><strong>certe</strong></span> <span class='ocrx_word' id='word_1_239' title='bbox 567 2628 618 2673; x_wconf 92' lang='lat' dir='ltr'><strong>O.</strong></span> <span class='ocrx_word' id='word_1_240' title='bbox 651 2628 707 2672; x_wconf 89' lang='lat'><strong>14</strong></span> <span class='ocrx_word' id='word_1_241' title='bbox 753 2631 917 2674; x_wconf 88' lang='lat' dir='ltr'><strong>natura</strong></span> <span class='ocrx_word' id='word_1_242' title='bbox 963 2643 1114 2674; x_wconf 89' lang='lat' dir='ltr'><strong>earum</strong></span> <span class='ocrx_word' id='word_1_243' title='bbox 1161 2630 1271 2675; x_wconf 88' lang='lat' dir='ltr'><strong>adeo</strong></span> <span class='ocrx_word' id='word_1_244' title='bbox 1319 2631 1524 2675; x_wconf 89' lang='lat' dir='ltr'><strong>coartata</strong></span> <span class='ocrx_word' id='word_1_245' title='bbox 1568 2642 1656 2674; x_wconf 93' lang='lat' dir='ltr'><strong>non</strong></span> <span class='ocrx_word' id='word_1_246' title='bbox 1702 2629 1773 2672; x_wconf 90' lang='lat' dir='ltr'><strong>est</strong></span> 
     </span>
    </p>
   </div>
   <div class='ocr_carea' id='block_1_4' title="bbox 191 2727 481 2731">
    <p class='ocr_par' dir='ltr' id='par_1_6' title="bbox 191 2727 481 2731">
     <span class='ocr_line' id='line_1_33' title="bbox 191 2727 481 2731; baseline 0 0"><span class='ocrx_word' id='word_1_247' title='bbox 191 2727 481 2731; x_wconf 95' lang='lat' dir='ltr'><strong> </strong></span> 
     </span>
    </p>
   </div>
   <div class='ocr_carea' id='block_1_5' title="bbox 188 2770 1771 2878">
    <p class='ocr_par' dir='ltr' id='par_1_7' title="bbox 188 2770 1771 2878">
     <span class='ocr_line' id='line_1_34' title="bbox 310 2770 1771 2820; baseline -0.001 -12"><span class='ocrx_word' id='word_1_248' title='bbox 310 2772 347 2817; x_wconf 92' lang='lat'><strong>1)</strong></span> <span class='ocrx_word' id='word_1_249' title='bbox 371 2771 504 2808; x_wconf 85' lang='lat' dir='ltr'><strong>Liceat</strong></span> <span class='ocrx_word' id='word_1_250' title='bbox 537 2770 627 2807; x_wconf 89' lang='lat' dir='ltr'><strong>mihi</strong></span> <span class='ocrx_word' id='word_1_251' title='bbox 660 2771 734 2807; x_wconf 89' lang='lat' dir='ltr'><strong>hoc</strong></span> <span class='ocrx_word' id='word_1_252' title='bbox 768 2772 919 2808; x_wconf 88' lang='lat' dir='ltr'><strong>nomine</strong></span> <span class='ocrx_word' id='word_1_253' title='bbox 952 2773 1087 2808; x_wconf 86' lang='lat' dir='ltr'><strong>Latino</strong></span> <span class='ocrx_word' id='word_1_254' title='bbox 1121 2771 1197 2817; x_wconf 81' lang='lat' dir='ltr'><strong>u‘ti,</strong></span> <span class='ocrx_word' id='word_1_255' title='bbox 1235 2773 1307 2809; x_wconf 86' lang='lat' dir='ltr'><strong>etsi</strong></span> <span class='ocrx_word' id='word_1_256' title='bbox 1335 2777 1505 2820; x_wconf 77' lang='grc' dir='ltr'><strong><em>Χαρίτων</em></strong></span> <span class='ocrx_word' id='word_1_257' title='bbox 1540 2771 1771 2812; x_wconf 80' lang='lat' dir='ltr'><strong>Graecarum</strong></span> 
     </span>
     <span class='ocr_line' id='line_1_35' title="bbox 188 2830 1272 2878; baseline 0.001 -10"><span class='ocrx_word' id='word_1_258' title='bbox 188 2835 325 2868; x_wconf 83' lang='lat' dir='ltr'><strong>natura</strong></span> <span class='ocrx_word' id='word_1_259' title='bbox 351 2832 465 2868; x_wconf 85' lang='lat' dir='ltr'><strong>latius</strong></span> <span class='ocrx_word' id='word_1_260' title='bbox 491 2834 599 2878; x_wconf 85' lang='lat' dir='ltr'><strong>patet</strong></span> <span class='ocrx_word' id='word_1_261' title='bbox 624 2841 736 2877; x_wconf 85' lang='lat' dir='ltr'><strong>quam</strong></span> <span class='ocrx_word' id='word_1_262' title='bbox 763 2830 978 2867; x_wconf 80' lang='lat' dir='ltr'><strong>Gratiarum</strong></span> <span class='ocrx_word' id='word_1_263' title='bbox 1004 2832 1272 2869; x_wconf 87' lang='lat' dir='ltr'><strong>Romanarum.</strong></span> 
     </span>
    </p>
   </div>
  </div>
 </body>
</html>
